4514 6300
1104 614 1182 688 ⁶..

272 766 498 888 Almagesto.
551 798 691 867 Verum
707 794 808 864 enim
824 812 916 866 vero
931 795 1078 864 valores
1093 790 1183 860 inde
1200 790 1379 864 deductae
1394 793 1508 865 nimis
1522 794 1620 865 inter
1629 815 1667 862 se
1682 775 1982 885 discrepabant,

273 909 388 1007 quam
406 932 450 984 ut
473 915 519 988 iis
537 928 623 986 cum
643 914 783 987 fiducia
813 916 974 1011 quadam
999 913 1073 984 niti
1095 912 1235 984 liceret.
1288 914 1404 1004 Cujus
1424 913 1669 986 discussionis
1685 929 1886 986 eventum
1904 906 1988 981 for·
2021 932 2026 939 ·

274 1051 371 1108 tasse
387 1037 462 1109 alio
479 1039 567 1110 loco
587 1064 832 1134 exponemus.

371 1161 605 1246 Praemissis,
634 1184 728 1254 quae
752 1159 974 1257 generaliter
999 1159 1046 1229 de
1070 1158 1226 1255 negotio
1248 1176 1423 1254 suscepto
1446 1156 1603 1228 dicenda
1627 1175 1750 1245 erant,
1780 1171 1914 1230 restat
1939 1171 1986 1226 ut

274 1280 320 1352 de
334 1282 493 1380 singulis
510 1281 783 1377 disquisitionis
799 1281 966 1375 partibus
986 1281 1108 1353 fusius
1133 1279 1342 1351 edisseram.
1394 1282 1448 1351 Ac
1472 1296 1598 1350 totum
1622 1280 1776 1372 quidem
1800 1294 1986 1374 quatuor
2021 1294 2025 1299 ·

274 1404 502 1476 sectionibus
518 1404 750 1488 absolvitur,
778 1425 937 1498 quarum
952 1425 1198 1496 unaquaeque
1214 1419 1358 1495 partem
1383 1402 1612 1476 successivae
1635 1398 1984 1473 determinationis

275 1508 637 1599 verisimillimorunr
662 1524 844 1596 Mercurii
870 1526 1145 1596 elementorum
1171 1524 1351 1596 continet.
1394 1556 1398 1563 ·

324 1718 354 1790 Ῑ.
383 1723 659 1793 Determinatio
687 1714 956 1806 inclinationis,
999 1720 1109 1820 nodi,
1151 1730 1187 1792 et
1212 1718 1322 1817 liujus
1347 1742 1495 1791 annuae
1517 1714 1741 1793 variationis
1768 1738 1817 1791 ex
1846 1717 1981 1792 obser·

398 1836 500 1917 vatis
527 1845 706 1914 Mercurii
732 1842 959 1914 transitibus.

375 1990 544 2088 ¹Quilibet
561 1983 779 2061 observatus
796 1977 977 2086 Mercurii
998 1979 1176 2062 transitus
1192 1989 1505 2062 heliocentricum
1528 1989 1680 2088 praebet
1695 1987 1883 2059 Mercurii
1912 1989 1978 2061 lo-

276 2137 381 2199 cum,
409 2114 476 2208 qui
491 2136 624 2207 parum
641 2111 753 2181 distat
770 2136 790 2180 a
805 2108 971 2181 sectione
989 2111 1132 2180 orbitae
1147 2113 1318 2204 planetae
1339 2136 1427 2183 cum
1445 2112 1623 2207 ecliptica.
1646 2150 1655 2157 ·
1676 2109 1869 2183 Distantia
1886 2111 1978 2204 pla*
2013 2135 2020 2147 ·

274 2254 383 2307 netae
409 2232 549 2305 anodo
565 2249 697 2302 mutua
720 2232 917 2324 utriusque
940 2230 1083 2302 orbitae
1108 2232 1354 2303 inclinatione
1373 2252 1410 2304 et
1425 2234 1691 2305 heliocentrica
1716 2234 1892 2326 planetae
1915 2235 1977 2306 la·
2025 2219 2028 2228 ¹

273 2356 437 2428 titudine
455 2345 644 2427 definitur.
697 2349 756 2424 lix
774 2377 847 2446 qua
866 2354 1040 2424 distantia
1064 2351 1147 2423 data
1171 2354 1297 2424 statim
1321 2357 1492 2450 sequitur
1516 2357 1611 2427 nodi
1635 2350 1853 2451 longitudo.
1909 2354 1988 2453 sit,
2013 2433 2031 2441 ,

275 2473 733 2550 heliocentricaMercurii
749 2473 952 2571 longitudo
977 2504 1025 2542 =
1050 2480 1089 2561 λ,
1115 2479 1156 2546 Κ
1178 2475 1372 2570 supposita
1392 2479 1487 2548 nodi
1502 2478 1726 2574 longitudo,
1756 2477 1823 2547 dli
1845 2456 1985 2568 hujus

277 2600 481 2684 correctio,
521 2602 562 2669 D
586 2595 761 2668 distantia
775 2597 945 2690 planetae
960 2596 1002 2665 in
1019 2596 1188 2692 ecliptica
1204 2621 1225 2667 a
1242 2599 1366 2672 nodos
1395 2590 1555 2696 quilibet
1577 2595 1759 2669 Mercurii
1781 2600 1975 2676 transitus

279 2724 344 2794 dat
369 2720 632 2819 aequationem

800 2817 828 2886 d
855 2853 905 2874 -·
932 2821 974 2888 D
992 2855 1043 2872 -
1068 2819 1109 2890 lt
1129 2857 1180 2874 -
1206 2819 1282 2890 dli
1301 2836 1348 2888 ι*
1373 2838 1417 2905 03
1597 2910 1600 2915 ἢ

274 2963 445 3065 adeoque
452 2950 556 3040 nunc¹
570 2965 609 3035 id
621 2960 737 3035 modo
747 2963 933 3061 agendum
948 2959 1014 3051 ell,
1030 2952 1305 3053 utdefiniatur,
1324 2957 1746 3062 quatenusincertitudo
1757 2968 1974 3046 elemento·

275 3107 423 3176 torum,
441 3091 487 3161 ad
504 3085 827 3179 computationem
840 3086 959 3177 ipsius
978 3090 1020 3153 D
1040 3088 1356 3169 necessariorum,
1375 3088 1490 3176 hujus
1498 3090 1665 3159 valorem
1679 3107 1822 3162 mutare
1837 3114 1972 3188 queat.

377 3212 450 3295 Sit,
475 3219 520 3296 β,
549 3209 569 3279 b
595 3198 757 3276 latitudo
773 3203 1038 3275 heliocentrica
1061 3219 1098 3271 ct
1118 3204 1352 3297 geocentrica
1376 3210 1577 3296 Mercurii,
1604 3216 1616 3281 i
1640 3212 1838 3285 inclinatio
1863 3216 1974 3290 orbi·
2006 3250 2015 3260 ·

277 3343 428 3428 tae,A,
446 3357 466 3400 r
492 3327 688 3401 distantias
705 3342 868 3398 curtatas
903 3320 983 3425 §a
963 3325 1052 3411 a&
1078 3339 1116 3393 et
1146 3321 1204 3421 δ,
1241 3316 1312 3395 erit

818 3515 878 3610 sm
901 3518 1006 3582 D„
964 3524 1006 3546 ...
1025 3477 1173 3565 tetigt

1025 3564 1170 3651 tartgi'

677 3742 752 3812 rD
772 3758 814 3812 z
837 3748 885 3826 dt
905 3697 1050 3797 [ης-ρ
1088 3780 1130 3799 -
1169 3748 1215 3811 di
1234 3751 1377 3832 tangD
1398 3755 1531 3844 eotglit

924 3798 1019 3892 [Μ

878 3989 962 4061 tang
980 3992 1060 4057 β·-
1018 4030 1059 4046 ...
1089 3931 1116 3988 Δ
1078 3977 1272 4094 -tarrgi

279 4169 323 4239 in
346 4154 564 4236 'transitibus
591 4148 766 4232 adhibere
791 4171 921 4250 potest
946 4159 1120 4254 aequatio

877 4342 999 4432 tange
1018 4357 1062 4418 :
1080 4328 1201 4472 ἷ-Ξ-Γ-
1220 4369 1300 4439 tang
1325 4355 1346 4418 b

281 4495 369 4568 inde

587 4628 633 4716 a
648 4584 1210 4752 2-i.²⁶²¹⁸{:⁰⁸²t..n
1230 4594 1504 4757 <4⁰3⁰th
1879 4643 2000 4737 ar>-

283 4821 457 4896 Planetae
471 4810 747 4918 ingressibuset
762 4820 968 4916 egressibus
978 4821 1210 4894 observatis
1198 4846 1240 4892 1n
1256 4823 1359 4895 disco
1370 4824 1483 4910 solis,
1503 4816 1566 4897 vel
1575 4827 1796 4901 mensuratis
1810 4832 1965 4905 Mercu<
1984 4884 1986 4889 ,

283 4943 331 5015 rii
347 4941 530 5012 distantiis
547 4939 674 5012 aSolis
683 4941 934 5037 marginibus,
962 4945 1010 5016 db
1037 4969 1104 5015 seu
1119 4944 1298 5017 correctio
1315 4947 1524 5019 latitudinis
1549 4951 1805 5044 geocentricae
1823 4977 1869 5023 ex
1886 4957 1963 5027 ele-

282 5065 419 5139 mentis
436 5063 572 5158 petitae
595 5062 731 5134 directe
764 5090 811 5135 ex
819 5065 911 5160 ipsis
927 5065 1253 5140 observationibus
1288 5067 1452 5156 elicitur,
1481 5071 1533 5141 sic
1556 5087 1601 5141 ut
1626 5071 1681 5141 db
1708 5089 1886 5168 tanquam
1901 5077 1961 5148 in-

285 5185 434 5285 cognita
447 5186 586 5259 nonsit
595 5188 804 5282 spectanda.
833 5182 1029 5266 cumvero
1051 5183 1262 5265 coefficiens
1277 5188 1395 5285 ipsius
1423 5192 1478 5263 db
1492 5192 1545 5265 in
1571 5196 1658 5288 (ΙΙ)
1684 5195 1726 5266 in
1739 5197 1960 5282 transitibus
1976 5229 1991 5273 .-
