4514 6300
185 1874 253 2052 P
253 1980 447 2072 riusquam
465 1973 667 2061 elementa,
696 1974 834 2069 quibus
857 1975 926 2045 hae
951 1974 1105 2048 Veneris
1129 1973 1278 2046 tabulae
1304 1975 1541 2061 innituntur,
1569 1993 1801 2070 proponam,
1840 1974 1887 2045 de

187 2102 322 2174 studiis
337 2077 429 2170 meis
447 2097 709 2169 astronomicis
727 2098 933 2196 generatim
951 2099 1133 2192 quaedam
1150 2099 1405 2192 praemittere,
1445 2101 1546 2169 haud
1562 2099 1773 2194 incongrue
1793 2098 1887 2167 mihi

187 2246 266 2297 esse
286 2224 446 2296 videtur.
525 2222 569 2291 Id
594 2221 699 2314 quod
722 2244 767 2290 eo
796 2221 913 2316 magis
938 2218 1191 2289 necessarium
1217 2245 1295 2291 esse
1327 2240 1446 2315 puto,
1490 2245 1609 2316 quum
1638 2242 1767 2291 mense
1791 2219 1889 2310 Maji

187 2371 218 2420 a.
241 2369 333 2434 ¹808
350 2343 523 2440 pluribus
538 2343 633 2414 locis
650 2345 774 2436 palam
792 2343 862 2412 sim
877 2342 1092 2436 pollicitus,
1127 2364 1206 2427 me,
1243 2362 1337 2437 quae
1354 2346 1416 2414 hic
1433 2345 1707 2429 observassem,
1735 2342 1784 2433 ¹iu
1799 2343 1885 2411 vulb

186 2490 255 2569 gus
272 2469 463 2542 editurum
471 2494 482 2550 3
512 2467 681 2560 adeoque
694 2465 759 2551 iis,
789 2465 855 2559 qui
879 2466 970 2534 haec
994 2462 1116 2534 studia
1142 2467 1276 2534 colunt
1297 2483 1413 2561 atque
1437 2481 1647 2551 sectantur,
1677 2463 1886 2562 significare

186 2591 325 2677 debeo,
365 2614 460 2685 quae
478 2608 597 2683 usque
612 2590 658 2659 ad
672 2590 746 2659 hoc
762 2606 932 2684 tempus,
964 2603 1014 2657 ne
1031 2585 1145 2658 fidem
1163 2589 1287 2659 datam
1300 2590 1517 2676 liberarem,
1544 2587 1822 2682 impediverint.

184 2717 188 2723 ’
285 2717 421 2786 Mense
445 2711 547 2782 euim
571 2711 691 2803 Aprili
716 2735 747 2781 a.
772 2733 866 2797 130ss
891 2710 1094 2781 Celsissimi
1111 2712 1229 2782 Ducis
1245 2713 1639 2784 Saxonum-Gothani
1665 2712 1886 2783 auctoritate

78 2888 90 2901 -
187 2837 346 2931 etjussu
363 2833 640 2927 Altenburgum
667 2832 912 2925 reliqueram,
948 2849 993 2900 ut
1017 2834 1190 2926 speculae
1217 2834 1475 2930 Seebergensis
1500 2835 1710 2918 machinas,
1738 2837 1886 2918 31336

183 2959 384 3058 ingruente
415 2977 607 3024 armorum
636 2971 778 3023 terrore
812 2954 995 3036 sublatas,
1039 2954 1190 3023 sedibus
1224 2954 1301 3023 suis
1326 2956 1538 3038 redderem,
1583 2973 1695 3047 atque
1729 2978 1885 3025 munera

186 3076 436 3150 astronomica
462 3073 644 3166 tantisper
668 3073 806 3142 omissa
830 3091 1007 3139 curarem
1053 3077 1137 3148 Jam
1154 3095 1241 3140 eum
1263 3072 1333 3141 illo
1351 3087 1521 3167 tempore
1536 3076 1610 3144 late
1625 3076 1816 3171 longeque
1832 3074 1885 3146 fa·

184 3226 245 3272 ma
263 3195 552 3293 percrebuisset,
588 3194 662 3262 hoc
679 3191 838 3262 Uraniae
857 3194 1043 3287 templrun
1066 3209 1216 3263 tanturn
1233 3218 1314 3264 non
1338 3194 1491 3288 penitus
1513 3198 1715 3268 corruisse:
1757 3218 1887 3274 meum

186 3346 264 3395 csse
289 3315 571 3401 existimabam,
610 3309 763 3386 brevem
794 3316 838 3386 de
869 3317 1045 3412 negotio,
1087 3314 1181 3384 mihi
1210 3317 1407 3404 mandato,
1448 3336 1559 3413 atque
1584 3322 1630 3391 de
1655 3320 1886 3392 observatio·

185 3562 357 3639 literariis
373 3560 618 3647 Jenensibus,
646 3560 874 3633 Halensibus
891 3577 928 3631 et
945 3560 1279 3657 Goettingensibus
1303 3564 1477 3636 inserere.
1532 3572 1618 3663 Quo
1636 3560 1770 3638 eodem
1793 3586 1885 3640 tem*

185 3710 277 3785 pore
292 3684 578 3781 promittebam,
608 3709 703 3779 quae
719 3683 781 3754 hic
800 3682 1016 3754 observanti
1033 3684 1159 3754 oblata
1174 3683 1354 3773 fuissent,
1389 3706 1489 3759 anno
1509 3706 1678 3760 vertente
1701 3689 1803 3763 foras
1823 3693 1884 3762 da·

186 3828 269 3882 ttuu
282 3810 339 3879 iri.
392 3814 525 3900 Neque
542 3807 631 3877 huic
648 3807 836 3901 promisso
853 3824 1010 3877 eventus
1026 3828 1108 3876 non
1126 3809 1400 3902 respondisset,
1436 3810 1510 3881 nisi
1527 3812 1641 3898 novi,
1678 3814 1746 3909 qui
1762 3815 1885 3911 impos

185 3935 390 4017 nebantur,
417 3929 565 4001 labores
585 3928 767 4002 aliorsum
781 3946 982 4001 vocassent
1001 3929 1226 4001 industriam
1246 3954 1378 4001 meam.

286 4055 438 4128 Etenim
453 4052 530 4143 jam
546 4071 675 4124 mense
692 4053 799 4144 Majo
818 4072 848 4124 a.
872 4072 965 4140 1808
991 4052 1173 4123 Gubemii
1196 4052 1328 4124 Gallici
1355 4055 1534 4126 arcessitu
1557 4057 1646 4129 hinc
1666 4059 1884 4134 discendem

186 4183 278 4253 dum
299 4177 394 4250 mihi
413 4174 488 4246 fuit
512 4174 558 4244 ad
577 4173 827 4245 instituendas
849 4171 1087 4268 operationes
1111 4175 1437 4271 trigonometricas
1462 4178 1504 4248 in
1523 4182 1739 4278 Principatu
1755 4183 1884 4259 Alteri·

127 4399 132 4408 ¹
186 4303 373 4401 burgensi.
427 4304 512 4395 Quo
536 4320 649 4390 opere
670 4295 737 4368 vix
753 4295 975 4391 perfunctus
1000 4297 1093 4368 item
1107 4295 1227 4370 facere
1242 4297 1402 4390 jubebar
1417 4301 1464 4374 de
1479 4305 1713 4402 Regionibus
1729 4314 1883 4383 Werrae

186 4426 335 4497 flumini
354 4421 537 4494 finitimis.
564 4444 565 4449 ’

286 4546 470 4621 Redditus
496 4543 650 4614 tandem
672 4537 844 4638 speculae
871 4562 1000 4618 mense
1024 4540 1232 4642 Septembri
1257 4548 1425 4639 ejusdem
1448 4551 1556 4638 anni,
1599 4570 1740 4648 paucos
1762 4554 1881 4628 modo

185 4673 264 4745 dies
280 4671 335 4740 ibi
351 4668 464 4764 potui
483 4659 641 4752 morari,
660 4686 790 4763 ⁴quum
805 4693 932 4742 rursus
951 4673 1123 4767 speculae
1140 4671 1397 4769 Seebergeusis
1424 4674 1664 4766 junctionem
1689 4703 1777 4749 cum
1793 4704 1882 4778 ope⁴

185 4788 395 4867 rationibus
423 4790 758 4888 trigonometricis,
796 4817 891 4887 quae
913 4796 1163 4887 Palatinatum
1184 4796 1417 4890 superiorem
1443 4800 1742 4893 amplectuntur,
1771 4822 1881 4873 curae

186 4919 369 5014 cordique
394 4914 546 5000 habere,
587 4914 681 4984 mihi
705 4915 992 4987 demandaretur
999 4938 1011 5003 ς
1049 4940 1143 5013 quae
1170 4942 1227 4990 res
1251 4939 1313 4989 me
1340 4910 1514 5016 cogebat,
1557 4923 1700 4994 montis
1728 4921 1881 5018 piniferi

187 5039 466 5135 (Fichtelberg)
499 5037 587 5135 juga
615 5038 725 5109 adire.
805 5041 916 5111 Unde
939 5041 1066 5112 medio
1097 5042 1250 5111 demum
1280 5050 1409 5114 mense
1433 5043 1589 5116 Octobri
1617 5044 1659 5113 in
1689 5046 1882 5138 speculam

185 5161 478 5234 astronomicam
493 5186 579 5231 curn
599 5160 853 5249 revertissem,
886 5181 1035 5258 tempus
1061 5162 1390 5237 observationibus
1414 5167 1783 5261 opportunissimum
1804 5168 1881 5242 hoc

184 5284 340 5386 quidem
362 5306 463 5361 armo
486 5286 781 5382 praeterlapsum
807 5303 903 5380 erat,
936 5286 1120 5386 quoniam
1144 5287 1187 5359 in
1210 5289 1352 5365 uostris
1374 5288 1592 5390 regionibus
1611 5293 1823 5368 autumnali
1832 5306 1882 5393 ‚et

1133 5437 1156 5487 a
