4514 6300
1127 629 1154 708 4

292 813 370 857 cnr
393 786 588 855 institutae
612 783 901 878 suppeditabant
925 783 1108 852 elementa
1130 806 1200 876 pro
1224 806 1254 852 a.
1284 801 1397 868 17503
1442 797 1479 851 et
1504 793 1657 850 centum
1678 779 1790 865 aliae,
1821 801 1935 874 quas,
1965 772 1993 850 fi

289 933 389 979 meas
407 906 615 1000 exceperis,
643 914 712 980 Vv.
733 908 799 978 Cll.
820 913 1145 992 anasnncxnn,
1175 911 1379 990 Cannar,
1405 911 1614 975 Bouvano
1637 918 1674 971 et
1692 907 1991 973 Wrsnrzwsxr

290 1031 487 1114 debebam,
515 1030 579 1099 illa
596 1056 665 1123 pro
686 1055 715 1098 a.
738 1050 842 1116 ¹308·
898 1028 1187 1100 Observationes
1212 1028 1310 1121 ipsas
1335 1026 1510 1122 sequenti
1532 1023 1714 1097 methodo
1733 1024 1779 1093 ad
1797 1024 1990 1095 calculum

289 1153 473 1225 revocavi.
526 1153 652 1222 Primo
668 1154 751 1222 loca
768 1151 923 1223 Veneris
941 1175 988 1221 ex
1005 1150 1332 1223 observationibus
1350 1175 1418 1244 per
1436 1149 1662 1220 novissimas
1680 1146 1828 1218 tabulas
1847 1147 1988 1218 solares

289 1291 326 1345 et
348 1277 542 1345 stellarum
560 1276 756 1371 catalogos
777 1274 970 1370 indagavi3
1006 1274 1140 1344 deinde
1163 1299 1253 1344 vero
1277 1275 1407 1343 locum
1423 1269 1705 1369 geocentricum
1731 1270 1986 1353 observatrun,

287 1423 354 1492 per
368 1398 514 1467 radium
529 1416 722 1468 vectorem
740 1397 914 1482 Veneris,
944 1422 963 1467 e
985 1397 1122 1468 tabulis
1140 1403 1182 1468 V.
1205 1398 1259 1466 ol.
1278 1402 1488 1467 Lauannn
1506 1410 1775 1487 supputatum,
1802 1393 1850 1461 ad
1867 1392 1989 1462 helio·

288 1520 496 1590 centricum
511 1521 654 1591 reduxi.
707 1527 791 1600 Jam
807 1544 894 1590 cum
920 1521 1046 1590 radius
1065 1537 1196 1590 vector
1215 1519 1275 1588 hic
1292 1517 1480 1588 adhibitus
1497 1517 1671 1610 ipsorum
1696 1517 1986 1598 elementorum,

288 1666 453 1736 quortmt
470 1644 652 1714 correctio
669 1668 806 1738 scopus
823 1642 916 1712 mihi
935 1660 1030 1728 erat,
1060 1665 1183 1713 errore
1200 1634 1353 1710 affectus
1372 1639 1437 1725 sit,
1466 1639 1599 1708 relatio
1615 1639 1714 1709 inter
1736 1638 1986 1708 variationem

287 1764 381 1834 radii
403 1766 564 1834 vectoris
581 1782 619 1833 et
635 1766 887 1863 longitudinis
904 1764 1211 1848 heliocentricae,
1246 1761 1350 1831 illius
1373 1760 1603 1832 adminiculo
1627 1762 1847 1847 calculatae,
1880 1759 1985 1829 inda-

286 1887 406 1984 ganda
423 1904 510 1958 erat.
535 1882 854 1958 Differentialium
871 1911 944 1981 ope
959 1884 1164 1977 analytica,
1189 1885 1303 1976 hujus
1322 1884 1516 1955 relationis
1533 1883 1725 1977 expressio
1748 1881 1853 1953 facili
1868 1906 1985 1978 nego*

287 2012 342 2080 tio
361 2012 518 2095 eruitur,
547 2034 654 2104 quae,
676 2008 882 2097 conjuncta
899 2034 985 2079 cum
1000 2009 1077 2094 illa,
1098 2009 1321 2080 relationem
1336 2008 1436 2077 inter
1451 2008 1634 2076 elementa
1650 2023 1689 2075 et
1701 2004 1985 2102 longitudinem

284 2132 592 2204 heliocentricam
617 2131 850 2226 exprimens,
899 2132 1128 2227 completam
1158 2129 1391 2202 conditionis
1416 2129 1681 2223 aequationem
1706 2131 1752 2198 ad
1774 2131 1986 2200 elemento·

285 2278 371 2323 rum
387 2253 638 2323 correctiones
655 2253 953 2325 determinandas
971 2255 1133 2348 praebet.
1187 2261 1289 2348 Quae
1306 2254 1401 2323 ratio
1425 2277 1485 2323 me
1503 2252 1699 2345 impulerit
1715 2253 1783 2324 hac
1798 2252 1982 2325 methodo

285 2375 507 2446 relationem
528 2375 627 2444 inter
654 2376 837 2444 elementa
866 2391 904 2442 et
927 2376 1058 2445 locum
1081 2375 1392 2445 heliocentricum
1415 2375 1608 2470 indagare,
1643 2376 1732 2446 loco
1754 2375 1860 2447 illius
1884 2376 1984 2445 inter

277 2500 468 2577 ¹elementa
489 2515 526 2566 et
542 2496 842 2593 geocentricum,
870 2497 1222 2567 mathematicorum
1241 2496 1400 2593 quisque
1419 2496 1527 2566 facile
1545 2496 1755 2593 intelliget,
1784 2522 1873 2568 cum
1890 2499 1981 2569 rela-

283 2619 428 2690 tionem
444 2619 610 2712 priorem
624 2619 748 2687 multo
767 2643 846 2689 esse
866 2619 1171 2713 simplicatiorem
1189 2642 1301 2713 quam
1324 2619 1514 2713 posterior
1536 2619 1636 2688 inter
1663 2643 1795 2693 omnes
1819 2637 1979 2691 constet.

282 2742 485 2835 Expressio
503 2742 707 2834 analytica,
736 2741 1001 2837 aequationem
1017 2741 1268 2827 conditionis,
1304 2740 1351 2811 de
1375 2766 1448 2836 qua
1471 2743 1533 2812 hic
1549 2766 1672 2814 senno
1695 2760 1768 2829 est,
1797 2743 1980 2819 exhibent

281 2882 413 2960 postea
429 2866 573 2936 allatur.

380 2994 529 3095 Septem
544 2991 778 3083 planetarum
796 2993 978 3062 elementa
997 2980 1137 3089 jugiter
1153 2990 1193 3061 in
1211 3014 1323 3063 usum
1336 2990 1505 3064 vocanda
1521 3008 1620 3079 esse,
1656 2984 1807 3087 quando
1825 2990 1978 3065 deloco

279 3114 450 3206 planetae
467 3112 507 3182 in
524 3112 694 3206 ecliptica
712 3112 929 3184 definiendo
949 3113 1082 3210 agitur,
1100 3115 1346 3186 notissimum
1364 3131 1430 3185 est.
1457 3123 1540 3194 Jam
1552 3140 1639 3185 cum
1656 3141 1703 3185 ex
1714 3115 1979 3187 observatione

277 3234 448 3305 nonnisi
465 3237 572 3306 locus
588 3236 629 3304 in
648 3237 828 3330 Ecliptiea
845 3237 1082 3321 obtineatur,
1110 3238 1157 3307 ad
1167 3236 1492 3331 comparationem
1511 3237 1787 3307 elementorum
1804 3263 1892 3309 cum
1912 3241 1978 3311 ob·

278 3354 554 3426 servationibus
581 3356 650 3425 rite
675 3356 946 3427 instituendam
968 3359 1155 3428 calculum
1178 3359 1256 3427 loci
1270 3383 1317 3429 ex
1334 3356 1529 3428 elementis
1552 3357 1604 3426 ita
1620 3360 1881 3433 adomandum
1897 3382 1978 3436 esso

276 3494 398 3570 patet,
431 3491 476 3543 ut
498 3478 651 3545 Planeta
680 3475 726 3542 ad
750 3476 823 3544 hoc
847 3478 1005 3570 planum
1031 3478 1221 3549 referatur.
1281 3481 1382 3549 Hinc
1406 3481 1532 3552 stricte
1551 3483 1767 3576 loquendo,
1805 3508 1978 3581 quaeque
2022 3544 2028 3553 .

278 3596 511 3668 conditionis
545 3596 738 3689 aequatio,
780 3621 848 3690 per
873 3595 1120 3671 differentiam
1147 3602 1224 3671 loci
1257 3602 1445 3671 observati
1468 3622 1507 3673 et
1527 3607 1700 3676 calculati
1726 3608 1976 3700 suppeditata,

276 3719 451 3790 omnium
477 3719 753 3790 elementorrun
780 3743 848 3790 seu
869 3740 1014 3818 septem
1026 3714 1307 3821 incogiritartun
1333 3727 1584 3804 correctiones
1604 3729 1853 3823 amplectitur.
1906 3734 1978 3804 Ae·

277 3842 503 3939 quationum
518 3842 571 3914 sic
589 3858 887 3936 comparatorum
902 3847 1142 3918 evolutiones
1157 3847 1384 3933 numericas,
1419 3874 1490 3921 nec
1512 3874 1594 3923 non
1615 3851 1892 3924 eliminationes
1904 3878 1977 3924 nu·

274 3966 369 4036 meri
386 3983 462 4036 tam
478 3966 606 4063 magni
622 3965 922 4064 incognitarum,
958 3968 1067 4039 valde
1092 3992 1269 4063 operosas
1299 3988 1337 4040 et
1361 3975 1541 4046 molestas
1560 3999 1657 4061 esse,
1687 3974 1878 4069 quisquis,
1906 3979 1977 4049 ho-

273 4113 360 4158 rum
375 4091 607 4160 calculorum
624 4091 785 4183 peritus,
814 4088 989 4161 conscius
1007 4089 1086 4162 erit.
1166 4099 1275 4164 Hanc
1301 4096 1535 4169 calculorum
1556 4100 1700 4169 molem
1724 4096 1860 4167 evitare
1886 4123 1977 4174 cum

273 4210 316 4280 in
338 4212 437 4281 votis
462 4211 653 4297 haberem,
691 4213 737 4283 de
762 4212 1010 4284 diminuendo
1035 4215 1316 4313 incognitarrun
1339 4242 1501 4292 numero
1518 4220 1701 4320 cogitavi,
1729 4236 1766 4291 et
1786 4221 1975 4297 methodo

275 4330 448 4426 sequenti
467 4330 582 4402 linem
600 4334 765 4431 attigisse
784 4334 980 4407 confiteor.

376 4460 436 4525 Ex
463 4454 799 4545 conjunctionibus
825 4459 980 4531 Veneris
1002 4457 1266 4547 inferioribus,
1302 4486 1441 4562 magno
1467 4467 1648 4561 temporis
1670 4467 1792 4562 spatio
1817 4468 1918 4541 inter
1934 4494 1976 4545 se

272 4578 432 4662 dissitis,
469 4596 619 4649 motum
643 4582 811 4652 medium
835 4581 980 4675 optime
1003 4583 1232 4654 eliciendum
1263 4611 1359 4674 esse,
1400 4588 1500 4659 inter
1531 4592 1783 4662 astronomos
1812 4612 1974 4668 constat.

271 4708 356 4781 Jam
371 4725 458 4770 cum
476 4701 758 4776 observationes
778 4711 846 4777 Vv.
873 4705 941 4774 Cll.
962 4710 1181 4778 Honoccrr
1198 4724 1234 4777 et
1246 4714 1450 4782 Baium
1469 4712 1611 4798 adsint,
1641 4737 1736 4807 quae
1747 4767 1757 4800 ,
1788 4739 1974 4791 unacum

272 4825 538 4896 recentissimis
553 4848 761 4913 annorum,
789 4826 922 4898 seriem
939 4828 1027 4899 satis
1044 4829 1252 4900 notabilem
1269 4835 1565 4927 amplectuntur,
1594 4837 1869 4910 accuratissime
1883 4839 1974 4912 inde

271 4966 402 5020 motus
424 4946 570 5019 medius
596 4966 634 5019 et
662 4946 751 5020 hinc
772 4949 866 5021 semi
890 4951 969 5020 axis
998 4951 1121 5042 major
1144 4951 1337 5024 derivandi
1362 4974 1483 5027 erunt
1545 4957 1835 5034 Observationes
1857 4964 1970 5057 ipsas,

265 5092 363 5162 <qaas
393 5070 441 5142 ad
469 5087 621 5149 motum
652 5072 822 5148 medium
852 5072 1179 5151 detemtinandum
1206 5075 1249 5149 in
1278 5099 1390 5151 usum
1421 5080 1573 5169 vocavi,
1621 5106 1784 5182 sequeus
1818 5086 1973 5159 exhibet

204 5248 207 5253 ,
270 5192 431 5266 schema.
