<?xml version="1.0" encoding="UTF-8"?>
<!DOCTYPE html PUBLIC "-//W3C//DTD XHTML 1.0 Transitional//EN"
    "http://www.w3.org/TR/xhtml1/DTD/xhtml1-transitional.dtd">
<html xmlns="http://www.w3.org/1999/xhtml" xml:lang="en" lang="en">
 <head>
  <title>
</title>
<meta http-equiv="Content-Type" content="text/html;charset=utf-8" />
  <meta name='ocr-system' content='tesseract 3.04.00' />
  <meta name='ocr-capabilities' content='ocr_page ocr_carea ocr_par ocr_line ocrx_word'/>
</head>
<body>
  <div class='ocr_page' id='page_1' title='image "./investigationov00lindgoog/investigationov00lindgoog_0101.png"; bbox 0 0 4514 6300; ppageno 0'>
   <div class='ocr_carea' id='block_1_1' title="bbox 275 704 2044 1714">
    <p class='ocr_par' dir='ltr' id='par_1_1' title="bbox 275 704 1582 943">
     <span class='ocr_line' id='line_1_1' title="bbox 1111 704 1240 774; baseline 0 -39"><span class='ocrx_word' id='word_1_1' title='bbox 1111 704 1135 774; x_wconf 87' lang='lat'>7</span> <span class='ocrx_word' id='word_1_2' title='bbox 1235 730 1240 735; x_wconf 92' lang='lat'><strong>.</strong></span> 
     </span>
     <span class='ocr_line' id='line_1_2' title="bbox 275 838 1582 943; baseline 0 -27"><span class='ocrx_word' id='word_1_3' title='bbox 275 843 335 916; x_wconf 73' lang='lat' dir='ltr'><strong>sit</strong></span> <span class='ocrx_word' id='word_1_4' title='bbox 347 843 552 943; x_wconf 89' lang='lat' dir='ltr'><strong>longitudo</strong></span> <span class='ocrx_word' id='word_1_5' title='bbox 566 841 830 918; x_wconf 83' lang='lat' dir='ltr'><strong>bellocentrica</strong></span> <span class='ocrx_word' id='word_1_6' title='bbox 847 868 894 918; x_wconf 87' lang='lat' dir='ltr'><strong>ex</strong></span> <span class='ocrx_word' id='word_1_7' title='bbox 910 842 1104 917; x_wconf 87' lang='lat' dir='ltr'><strong>elementis</strong></span> <span class='ocrx_word' id='word_1_8' title='bbox 1123 860 1338 941; x_wconf 87' lang='lat' dir='ltr'><strong>computata</strong></span> <span class='ocrx_word' id='word_1_9' title='bbox 1364 874 1412 915; x_wconf 90' lang='lat'><strong><em>=</em></strong></span> <span class='ocrx_word' id='word_1_10' title='bbox 1434 851 1483 931; x_wconf 59' lang='grc' dir='ltr'><strong>Ν,</strong></span> <span class='ocrx_word' id='word_1_11' title='bbox 1511 838 1582 917; x_wconf 90' lang='lat' dir='ltr'><strong>erit</strong></span> 
     </span>
    </p>

    <p class='ocr_par' dir='ltr' id='par_1_2' title="bbox 277 986 1969 1309">
     <span class='ocr_line' id='line_1_3' title="bbox 679 986 1573 1068; baseline 0.004 -18"><span class='ocrx_word' id='word_1_12' title='bbox 679 999 765 1065; x_wconf 64' lang='grc' dir='ltr'><strong>λ-</strong></span> <span class='ocrx_word' id='word_1_13' title='bbox 784 986 837 1052; x_wconf 66' lang='lat' dir='ltr'><strong>dl</strong></span> <span class='ocrx_word' id='word_1_14' title='bbox 855 1023 897 1039; x_wconf 93' lang='lat'><em>-</em></span> <span class='ocrx_word' id='word_1_15' title='bbox 916 996 954 1068; x_wconf 57' lang='grc' dir='ltr'><em>Ν</em></span> <span class='ocrx_word' id='word_1_16' title='bbox 980 999 1023 1056; x_wconf 83' lang='lat'>:</span> <span class='ocrx_word' id='word_1_17' title='bbox 1042 989 1069 1053; x_wconf 91' lang='lat' dir='ltr'>C</span> <span class='ocrx_word' id='word_1_18' title='bbox 1090 999 1132 1056; x_wconf 71' lang='grc' dir='ltr'><strong>τε</strong></span> <span class='ocrx_word' id='word_1_19' title='bbox 1159 993 1356 1054; x_wconf 73' lang='lat' dir='ltr'><strong>correctioni</strong></span> <span class='ocrx_word' id='word_1_20' title='bbox 1377 993 1573 1056; x_wconf 79' lang='lat' dir='ltr'><strong>tabularum.</strong></span> 
     </span>
     <span class='ocr_line' id='line_1_4' title="bbox 277 1110 1969 1219; baseline 0.004 -33"><span class='ocrx_word' id='word_1_21' title='bbox 277 1110 615 1216; x_wconf 65' lang='lat' dir='ltr'><strong>Designemusfper</strong></span> <span class='ocrx_word' id='word_1_22' title='bbox 639 1123 667 1191; x_wconf 83' lang='lat' dir='ltr'>F</span> <span class='ocrx_word' id='word_1_23' title='bbox 693 1123 771 1212; x_wconf 88' lang='lat' dir='ltr'><strong>(P)</strong></span> <span class='ocrx_word' id='word_1_24' title='bbox 799 1120 1070 1192; x_wconf 84' lang='lat' dir='ltr'>correctionem</span> <span class='ocrx_word' id='word_1_25' title='bbox 1089 1122 1364 1194; x_wconf 88' lang='lat' dir='ltr'><strong>elementorum</strong></span> <span class='ocrx_word' id='word_1_26' title='bbox 1386 1120 1588 1219; x_wconf 83' lang='lat' dir='ltr'><strong>quantitati</strong></span> <span class='ocrx_word' id='word_1_27' title='bbox 1613 1124 1641 1192; x_wconf 85' lang='lat' dir='ltr'>C</span> <span class='ocrx_word' id='word_1_28' title='bbox 1667 1112 1969 1215; x_wconf 79' lang='lat' dir='ltr'><strong>respondentem,</strong></span> 
     </span>
     <span class='ocr_line' id='line_1_5' title="bbox 281 1239 464 1309; baseline 0.016 -3"><span class='ocrx_word' id='word_1_29' title='bbox 281 1253 382 1308; x_wconf 69' lang='lat' dir='ltr'><strong>tunc‘</strong></span> <span class='ocrx_word' id='word_1_30' title='bbox 394 1239 464 1309; x_wconf 90' lang='lat' dir='ltr'><strong>erit</strong></span> 
     </span>
    </p>

    <p class='ocr_par' dir='ltr' id='par_1_3' title="bbox 950 1356 1311 1445">
     <span class='ocr_line' id='line_1_6' title="bbox 950 1356 1311 1445; baseline -0.011 -16"><span class='ocrx_word' id='word_1_31' title='bbox 950 1363 979 1429; x_wconf 85' lang='lat' dir='ltr'><strong>c</strong></span> <span class='ocrx_word' id='word_1_32' title='bbox 999 1373 1041 1429; x_wconf 61' lang='grc' dir='ltr'><strong><em>ς</em></strong></span> <span class='ocrx_word' id='word_1_33' title='bbox 1060 1363 1086 1425; x_wconf 81' lang='lat' dir='ltr'>F</span> <span class='ocrx_word' id='word_1_34' title='bbox 1107 1357 1175 1445; x_wconf 79' lang='lat' dir='ltr'><strong>(P)</strong></span> <span class='ocrx_word' id='word_1_35' title='bbox 1194 1392 1236 1415; x_wconf 82' lang='lat'>-</span> <span class='ocrx_word' id='word_1_36' title='bbox 1256 1356 1311 1426; x_wconf 73' lang='grc' dir='ltr'><strong>(ιλ</strong></span> 
     </span>
    </p>

    <p class='ocr_par' dir='ltr' id='par_1_4' title="bbox 281 1484 2044 1714">
     <span class='ocr_line' id='line_1_7' title="bbox 281 1484 2044 1592; baseline 0 -26"><span class='ocrx_word' id='word_1_37' title='bbox 281 1489 469 1592; x_wconf 58' lang='grc' dir='ltr'><strong>Ιωηρωη</strong></span> <span class='ocrx_word' id='word_1_38' title='bbox 486 1488 1078 1587; x_wconf 84' lang='lat' dir='ltr'><strong>longitudinemhellocentricam</strong></span> <span class='ocrx_word' id='word_1_39' title='bbox 1091 1495 1134 1566; x_wconf 89' lang='lat' dir='ltr'><strong>in</strong></span> <span class='ocrx_word' id='word_1_40' title='bbox 1151 1495 1272 1567; x_wconf 89' lang='lat' dir='ltr'><strong>orbita</strong></span> <span class='ocrx_word' id='word_1_41' title='bbox 1290 1493 1529 1566; x_wconf 86' lang='lat' dir='ltr'><strong>functionem</strong></span> <span class='ocrx_word' id='word_1_42' title='bbox 1547 1491 1709 1586; x_wconf 79' lang='lat' dir='ltr'>epochae</span> <span class='ocrx_word' id='word_1_43' title='bbox 1728 1509 1766 1565; x_wconf 89' lang='lat' dir='ltr'><strong>et</strong></span> <span class='ocrx_word' id='word_1_44' title='bbox 1781 1484 1972 1589; x_wconf 84' lang='lat' dir='ltr'><strong>aequatio·</strong></span> <span class='ocrx_word' id='word_1_45' title='bbox 2041 1563 2044 1566; x_wconf 84' lang='lat'><strong>.</strong></span> 
     </span>
     <span class='ocr_line' id='line_1_8' title="bbox 282 1610 952 1714; baseline 0.009 -34"><span class='ocrx_word' id='word_1_46' title='bbox 282 1610 342 1681; x_wconf 89' lang='lat' dir='ltr'><strong>nis</strong></span> <span class='ocrx_word' id='word_1_47' title='bbox 360 1613 478 1682; x_wconf 87' lang='lat' dir='ltr'><strong>centri</strong></span> <span class='ocrx_word' id='word_1_48' title='bbox 496 1637 574 1685; x_wconf 91' lang='lat' dir='ltr'><strong>esse</strong></span> <span class='ocrx_word' id='word_1_49' title='bbox 593 1632 759 1714; x_wconf 87' lang='lat' dir='ltr'><strong>constet,</strong></span> <span class='ocrx_word' id='word_1_50' title='bbox 793 1616 952 1687; x_wconf 89' lang='lat' dir='ltr'><strong>habetur</strong></span> 
     </span>
    </p>
   </div>
   <div class='ocr_carea' id='block_1_2' title="bbox 759 1752 1493 1937">
    <p class='ocr_par' dir='ltr' id='par_1_5' title="bbox 759 1752 1493 1937">
     <span class='ocr_line' id='line_1_9' title="bbox 759 1752 1493 1937; baseline 0.015 -67"><span class='ocrx_word' id='word_1_51' title='bbox 759 1759 1035 1936; x_wconf 51' lang='lat' dir='ltr'><strong>unffi).</strong></span> <span class='ocrx_word' id='word_1_52' title='bbox 1076 1752 1376 1937; x_wconf 46' lang='lat' dir='ltr'><strong>the-(3⁶72).</strong></span> <span class='ocrx_word' id='word_1_53' title='bbox 1408 1807 1493 1881; x_wconf 73' lang='lat' dir='ltr'><strong>rm</strong></span> 
     </span>
    </p>
   </div>
   <div class='ocr_carea' id='block_1_3' title="bbox 285 1983 1975 2211">
    <p class='ocr_par' dir='ltr' id='par_1_6' title="bbox 285 1983 1975 2211">
     <span class='ocr_line' id='line_1_10' title="bbox 285 1983 1975 2097; baseline 0.002 -33"><span class='ocrx_word' id='word_1_54' title='bbox 285 1989 548 2088; x_wconf 79' lang='lat' dir='ltr'><strong>aequationem</strong></span> <span class='ocrx_word' id='word_1_55' title='bbox 563 1987 681 2063; x_wconf 89' lang='lat' dir='ltr'><strong>centri</strong></span> <span class='ocrx_word' id='word_1_56' title='bbox 698 2018 765 2089; x_wconf 92' lang='lat' dir='ltr'><strong>per</strong></span> <span class='ocrx_word' id='word_1_57' title='bbox 780 2001 826 2097; x_wconf 83' lang='lat' dir='ltr'>AE</span> <span class='ocrx_word' id='word_1_58' title='bbox 844 1995 1053 2092; x_wconf 88' lang='lat' dir='ltr'><strong>designans.</strong></span> <span class='ocrx_word' id='word_1_59' title='bbox 1108 1998 1350 2069; x_wconf 83' lang='lat' dir='ltr'><strong>observatam</strong></span> <span class='ocrx_word' id='word_1_60' title='bbox 1374 2019 1466 2065; x_wconf 85' lang='lat' dir='ltr'><strong>vero</strong></span> <span class='ocrx_word' id='word_1_61' title='bbox 1489 1983 1771 2089; x_wconf 86' lang='lat' dir='ltr'><strong>longitudinem</strong></span> <span class='ocrx_word' id='word_1_62' title='bbox 1784 1983 1975 2068; x_wconf 73' lang='lat' dir='ltr'><strong>bellocen-</strong></span> 
     </span>
     <span class='ocr_line' id='line_1_11' title="bbox 285 2115 1637 2211; baseline -0.002 -27"><span class='ocrx_word' id='word_1_63' title='bbox 285 2115 417 2187; x_wconf 87' lang='lat' dir='ltr'><strong>tricam</strong></span> <span class='ocrx_word' id='word_1_64' title='bbox 441 2115 516 2208; x_wconf 89' lang='lat' dir='ltr'><strong>jam</strong></span> <span class='ocrx_word' id='word_1_65' title='bbox 538 2139 558 2184; x_wconf 89' lang='lat' dir='ltr'><strong>a</strong></span> <span class='ocrx_word' id='word_1_66' title='bbox 585 2116 914 2209; x_wconf 86' lang='lat' dir='ltr'><strong>perturbationum</strong></span> <span class='ocrx_word' id='word_1_67' title='bbox 928 2117 1078 2190; x_wconf 83' lang='lat' dir='ltr'><strong>influxu</strong></span> <span class='ocrx_word' id='word_1_68' title='bbox 1092 2115 1287 2189; x_wconf 87' lang='lat' dir='ltr'><strong>liberatam</strong></span> <span class='ocrx_word' id='word_1_69' title='bbox 1305 2141 1383 2189; x_wconf 88' lang='lat' dir='ltr'><strong>esse</strong></span> <span class='ocrx_word' id='word_1_70' title='bbox 1397 2115 1637 2211; x_wconf 78' lang='lat' dir='ltr'><strong>supponitur.</strong></span> 
     </span>
    </p>
   </div>
   <div class='ocr_carea' id='block_1_4' title="bbox 286 2327 1978 2529">
    <p class='ocr_par' dir='ltr' id='par_1_7' title="bbox 286 2327 1978 2529">
     <span class='ocr_line' id='line_1_12' title="bbox 387 2327 1978 2432; baseline -0.001 -25"><span class='ocrx_word' id='word_1_71' title='bbox 387 2341 483 2407; x_wconf 87' lang='lat' dir='ltr'><strong>Cum</strong></span> <span class='ocrx_word' id='word_1_72' title='bbox 511 2334 683 2432; x_wconf 88' lang='lat' dir='ltr'><strong>aequatio</strong></span> <span class='ocrx_word' id='word_1_73' title='bbox 716 2329 834 2404; x_wconf 88' lang='lat' dir='ltr'><strong>centri</strong></span> <span class='ocrx_word' id='word_1_74' title='bbox 863 2334 908 2404; x_wconf 92' lang='lat' dir='ltr'><strong>ab</strong></span> <span class='ocrx_word' id='word_1_75' title='bbox 945 2335 1132 2407; x_wconf 88' lang='lat' dir='ltr'><strong>anomalia</strong></span> <span class='ocrx_word' id='word_1_76' title='bbox 1162 2336 1284 2407; x_wconf 89' lang='lat' dir='ltr'><strong>media</strong></span> <span class='ocrx_word' id='word_1_77' title='bbox 1311 2350 1349 2406; x_wconf 89' lang='lat' dir='ltr'><strong>et</strong></span> <span class='ocrx_word' id='word_1_78' title='bbox 1377 2329 1653 2405; x_wconf 80' lang='lat' dir='ltr'><strong>excentricitate</strong></span> <span class='ocrx_word' id='word_1_79' title='bbox 1685 2327 1864 2426; x_wconf 85' lang='lat' dir='ltr'><strong>pendeat,</strong></span> <span class='ocrx_word' id='word_1_80' title='bbox 1914 2332 1978 2406; x_wconf 83' lang='lat' dir='ltr'><strong>lta·</strong></span> 
     </span>
     <span class='ocr_line' id='line_1_13' title="bbox 286 2456 435 2529; baseline -0.007 -2"><span class='ocrx_word' id='word_1_81' title='bbox 286 2456 435 2529; x_wconf 88' lang='lat' dir='ltr'><strong>bebitur</strong></span> 
     </span>
    </p>
   </div>
   <div class='ocr_carea' id='block_1_5' title="bbox 587 2573 1683 2754">
    <p class='ocr_par' dir='ltr' id='par_1_8' title="bbox 587 2573 1683 2754">
     <span class='ocr_line' id='line_1_14' title="bbox 587 2573 1683 2754; baseline -0.001 -65"><span class='ocrx_word' id='word_1_82' title='bbox 587 2577 908 2752; x_wconf 51' lang='lat' dir='ltr'><strong>anzffl).</strong></span> <span class='ocrx_word' id='word_1_83' title='bbox 949 2576 1252 2754; x_wconf 63' lang='lat' dir='ltr'><strong>⁶¹²“(idi‘)·</strong></span> <span class='ocrx_word' id='word_1_84' title='bbox 1288 2573 1594 2751; x_wconf 46' lang='grc' dir='ltr'><strong>(ιη-(ἑξ).</strong></span> <span class='ocrx_word' id='word_1_85' title='bbox 1635 2623 1683 2688; x_wconf 78' lang='lat' dir='ltr'><strong>a·</strong></span> 
     </span>
    </p>
   </div>
   <div class='ocr_carea' id='block_1_6' title="bbox 285 2800 1981 3153">
    <p class='ocr_par' dir='ltr' id='par_1_9' title="bbox 285 2800 1981 3153">
     <span class='ocr_line' id='line_1_15' title="bbox 285 2800 1977 2894; baseline -0.003 -7"><span class='ocrx_word' id='word_1_86' title='bbox 285 2812 345 2887; x_wconf 80' lang='lat' dir='ltr'><strong>Ad</strong></span> <span class='ocrx_word' id='word_1_87' title='bbox 366 2804 627 2886; x_wconf 84' lang='lat' dir='ltr'><strong>evolutionem</strong></span> <span class='ocrx_word' id='word_1_88' title='bbox 650 2811 788 2880; x_wconf 89' lang='lat' dir='ltr'><strong>horum</strong></span> <span class='ocrx_word' id='word_1_89' title='bbox 804 2809 1098 2885; x_wconf 88' lang='lat' dir='ltr'><strong>coefficientium</strong></span> <span class='ocrx_word' id='word_1_90' title='bbox 1112 2809 1416 2884; x_wconf 85' lang='lat' dir='ltr'><strong>differentialitun</strong></span> <span class='ocrx_word' id='word_1_91' title='bbox 1430 2806 1679 2894; x_wconf 86' lang='lat' dir='ltr'><strong>numericam,</strong></span> <span class='ocrx_word' id='word_1_92' title='bbox 1716 2800 1977 2883; x_wconf 83' lang='lat' dir='ltr'><strong>commodissi-</strong></span> 
     </span>
     <span class='ocr_line' id='line_1_16' title="bbox 288 2929 1981 3029; baseline -0.002 -23"><span class='ocrx_word' id='word_1_93' title='bbox 288 2960 349 3006; x_wconf 90' lang='lat' dir='ltr'><strong>ma</strong></span> <span class='ocrx_word' id='word_1_94' title='bbox 370 2934 507 3029; x_wconf 90' lang='lat' dir='ltr'><strong>procul</strong></span> <span class='ocrx_word' id='word_1_95' title='bbox 536 2930 652 3001; x_wconf 91' lang='lat' dir='ltr'><strong>dubio</strong></span> <span class='ocrx_word' id='word_1_96' title='bbox 676 2949 733 3002; x_wconf 91' lang='lat' dir='ltr'><strong>est</strong></span> <span class='ocrx_word' id='word_1_97' title='bbox 761 2930 957 3027; x_wconf 90' lang='lat' dir='ltr'><strong>ingeniosa</strong></span> <span class='ocrx_word' id='word_1_98' title='bbox 980 2933 1183 3004; x_wconf 87' lang='lat' dir='ltr'><strong>methodus</strong></span> <span class='ocrx_word' id='word_1_99' title='bbox 1207 2933 1252 3003; x_wconf 89' lang='lat' dir='ltr'><strong>ab</strong></span> <span class='ocrx_word' id='word_1_100' title='bbox 1274 2935 1333 3024; x_wconf 77' lang='lat' dir='ltr'><strong>Ill.</strong></span> <span class='ocrx_word' id='word_1_101' title='bbox 1358 2937 1517 3005; x_wconf 82' lang='lat' dir='ltr'><strong>Onrrtrtr</strong></span> <span class='ocrx_word' id='word_1_102' title='bbox 1542 2929 1584 3000; x_wconf 88' lang='lat' dir='ltr'><strong>in</strong></span> <span class='ocrx_word' id='word_1_103' title='bbox 1616 2929 1776 3002; x_wconf 80' lang='lat' dir='ltr'><strong>Theoria</strong></span> <span class='ocrx_word' id='word_1_104' title='bbox 1800 2935 1981 3003; x_wconf 82' lang='lat' dir='ltr'><strong>Mercurii</strong></span> 
     </span>
     <span class='ocr_line' id='line_1_17' title="bbox 287 3045 1979 3153; baseline -0.002 -26"><span class='ocrx_word' id='word_1_105' title='bbox 287 3082 371 3153; x_wconf 85' lang='lat' dir='ltr'><strong>pag.</strong></span> <span class='ocrx_word' id='word_1_106' title='bbox 383 3045 451 3126; x_wconf 70' lang='lat'><strong>61.&#39;</strong></span> <span class='ocrx_word' id='word_1_107' title='bbox 460 3052 731 3136; x_wconf 89' lang='lat' dir='ltr'><strong>commendata,</strong></span> <span class='ocrx_word' id='word_1_108' title='bbox 758 3052 825 3121; x_wconf 91' lang='lat' dir='ltr'><strong>ubi</strong></span> <span class='ocrx_word' id='word_1_109' title='bbox 842 3055 981 3121; x_wconf 91' lang='lat' dir='ltr'><strong>horum</strong></span> <span class='ocrx_word' id='word_1_110' title='bbox 998 3049 1284 3122; x_wconf 86' lang='lat' dir='ltr'><strong>coefficientium</strong></span> <span class='ocrx_word' id='word_1_111' title='bbox 1297 3055 1444 3122; x_wconf 86' lang='lat' dir='ltr'><strong>valores</strong></span> <span class='ocrx_word' id='word_1_112' title='bbox 1462 3050 1647 3123; x_wconf 89' lang='lat' dir='ltr'><strong>numerici</strong></span> <span class='ocrx_word' id='word_1_113' title='bbox 1664 3049 1871 3145; x_wconf 87' lang='lat' dir='ltr'><strong>unicuique</strong></span> <span class='ocrx_word' id='word_1_114' title='bbox 1888 3074 1979 3123; x_wconf 88' lang='lat' dir='ltr'><strong>ano·</strong></span> 
     </span>
    </p>
   </div>
   <div class='ocr_carea' id='block_1_7' title="bbox 288 3171 1982 3393">
    <p class='ocr_par' dir='ltr' id='par_1_10' title="bbox 288 3171 1982 3393">
     <span class='ocr_line' id='line_1_18' title="bbox 288 3171 1982 3276; baseline -0.003 -28"><span class='ocrx_word' id='word_1_115' title='bbox 288 3179 421 3249; x_wconf 87' lang='lat' dir='ltr'><strong>maliae</strong></span> <span class='ocrx_word' id='word_1_116' title='bbox 443 3173 587 3244; x_wconf 89' lang='lat' dir='ltr'><strong>mediae</strong></span> <span class='ocrx_word' id='word_1_117' title='bbox 611 3174 744 3270; x_wconf 89' lang='lat' dir='ltr'><strong>gradui</strong></span> <span class='ocrx_word' id='word_1_118' title='bbox 766 3172 1036 3268; x_wconf 83' lang='lat' dir='ltr'><strong>respondentes</strong></span> <span class='ocrx_word' id='word_1_119' title='bbox 1059 3187 1242 3268; x_wconf 87' lang='lat' dir='ltr'><strong>petuntur</strong></span> <span class='ocrx_word' id='word_1_120' title='bbox 1258 3196 1278 3242; x_wconf 91' lang='lat' dir='ltr'><strong>e</strong></span> <span class='ocrx_word' id='word_1_121' title='bbox 1297 3171 1451 3259; x_wconf 87' lang='lat' dir='ltr'><strong>tabulis,</strong></span> <span class='ocrx_word' id='word_1_122' title='bbox 1480 3197 1575 3271; x_wconf 88' lang='lat' dir='ltr'><strong>quae</strong></span> <span class='ocrx_word' id='word_1_123' title='bbox 1592 3172 1696 3245; x_wconf 83' lang='lat' dir='ltr'><strong>facili</strong></span> <span class='ocrx_word' id='word_1_124' title='bbox 1712 3171 1868 3276; x_wconf 90' lang='lat' dir='ltr'><strong>negotio</strong></span> <span class='ocrx_word' id='word_1_125' title='bbox 1891 3195 1982 3244; x_wconf 89' lang='lat' dir='ltr'><strong>con·</strong></span> 
     </span>
     <span class='ocr_line' id='line_1_19' title="bbox 289 3299 555 3393; baseline -0.026 -21"><span class='ocrx_word' id='word_1_126' title='bbox 289 3299 385 3373; x_wconf 87' lang='lat' dir='ltr'><strong>strui</strong></span> <span class='ocrx_word' id='word_1_127' title='bbox 399 3312 555 3393; x_wconf 84' lang='lat' dir='ltr'><strong>queunt.</strong></span> 
     </span>
    </p>
   </div>
   <div class='ocr_carea' id='block_1_8' title="bbox 291 3481 2009 3716">
    <p class='ocr_par' dir='ltr' id='par_1_11' title="bbox 291 3481 2009 3716">
     <span class='ocr_line' id='line_1_20' title="bbox 389 3481 1985 3596; baseline 0 -33"><span class='ocrx_word' id='word_1_128' title='bbox 389 3495 527 3567; x_wconf 83' lang='lat' dir='ltr'><strong>valore</strong></span> <span class='ocrx_word' id='word_1_129' title='bbox 558 3506 644 3563; x_wconf 87' lang='lat' dir='ltr'><strong>ante</strong></span> <span class='ocrx_word' id='word_1_130' title='bbox 674 3483 833 3565; x_wconf 82' lang='lat' dir='ltr'><strong>invento</strong></span> <span class='ocrx_word' id='word_1_131' title='bbox 866 3509 936 3587; x_wconf 87' lang='lat' dir='ltr'><strong>pro</strong></span> <span class='ocrx_word' id='word_1_132' title='bbox 962 3481 1041 3565; x_wconf 83' lang='lat' dir='ltr'><strong>dAE</strong></span> <span class='ocrx_word' id='word_1_133' title='bbox 1064 3482 1107 3562; x_wconf 86' lang='lat' dir='ltr'><strong>in</strong></span> <span class='ocrx_word' id='word_1_134' title='bbox 1130 3484 1372 3587; x_wconf 83' lang='lat' dir='ltr'><strong>expressione</strong></span> <span class='ocrx_word' id='word_1_135' title='bbox 1392 3483 1512 3586; x_wconf 81' lang='lat' dir='ltr'><strong>ipsius</strong></span> <span class='ocrx_word' id='word_1_136' title='bbox 1535 3488 1593 3571; x_wconf 70' lang='lat' dir='ltr'><strong>dt</strong></span> <span class='ocrx_word' id='word_1_137' title='bbox 1618 3488 1825 3577; x_wconf 88' lang='lat' dir='ltr'><strong>subsituto,</strong></span> <span class='ocrx_word' id='word_1_138' title='bbox 1856 3490 1985 3596; x_wconf 85' lang='lat' dir='ltr'><strong>prodit</strong></span> 
     </span>
     <span class='ocr_line' id='line_1_21' title="bbox 291 3599 2009 3716; baseline -0.003 -25"><span class='ocrx_word' id='word_1_139' title='bbox 291 3617 464 3716; x_wconf 86' lang='lat' dir='ltr'><strong>aequatio</strong></span> <span class='ocrx_word' id='word_1_140' title='bbox 2005 3599 2009 3605; x_wconf 40' lang='lat'>¹</span> 
     </span>
    </p>
   </div>
   <div class='ocr_carea' id='block_1_9' title="bbox 502 3728 1776 3954">
    <p class='ocr_par' dir='ltr' id='par_1_12' title="bbox 502 3728 1776 3954">
     <span class='ocr_line' id='line_1_22' title="bbox 502 3728 1776 3954; baseline -0.001 -29"><span class='ocrx_word' id='word_1_141' title='bbox 502 3728 1776 3954; x_wconf 81' lang='lat'>(&lt;&gt;)&lt;&gt;(&gt;</span> 
     </span>
    </p>
   </div>
   <div class='ocr_carea' id='block_1_10' title="bbox 293 3997 1989 5198">
    <p class='ocr_par' dir='ltr' id='par_1_13' title="bbox 293 3997 1989 5198">
     <span class='ocr_line' id='line_1_23' title="bbox 293 3997 1987 4097; baseline -0.002 -14"><span class='ocrx_word' id='word_1_142' title='bbox 293 3999 500 4084; x_wconf 87' lang='lat' dir='ltr'><strong>Methodus</strong></span> <span class='ocrx_word' id='word_1_143' title='bbox 523 4003 586 4074; x_wconf 81' lang='lat' dir='ltr'><strong>hle</strong></span> <span class='ocrx_word' id='word_1_144' title='bbox 610 4006 762 4074; x_wconf 87' lang='lat' dir='ltr'><strong>evoluta</strong></span> <span class='ocrx_word' id='word_1_145' title='bbox 786 4005 962 4073; x_wconf 87' lang='lat' dir='ltr'><strong>innititur</strong></span> <span class='ocrx_word' id='word_1_146' title='bbox 993 3998 1268 4097; x_wconf 87' lang='lat' dir='ltr'><strong>suppositioni,</strong></span> <span class='ocrx_word' id='word_1_147' title='bbox 1309 3997 1562 4097; x_wconf 85' lang='lat' dir='ltr'><strong>longitudinis</strong></span> <span class='ocrx_word' id='word_1_148' title='bbox 1595 4000 1637 4068; x_wconf 90' lang='lat' dir='ltr'><strong>in</strong></span> <span class='ocrx_word' id='word_1_149' title='bbox 1669 3997 1790 4071; x_wconf 87' lang='lat' dir='ltr'><strong>orbita</strong></span> <span class='ocrx_word' id='word_1_150' title='bbox 1823 4023 1987 4078; x_wconf 86' lang='lat' dir='ltr'><strong>errorem</strong></span> 
     </span>
     <span class='ocr_line' id='line_1_24' title="bbox 295 4118 1988 4225; baseline -0.001 -26"><span class='ocrx_word' id='word_1_151' title='bbox 295 4127 445 4225; x_wconf 86' lang='lat' dir='ltr'><strong>aequari</strong></span> <span class='ocrx_word' id='word_1_152' title='bbox 461 4124 578 4196; x_wconf 90' lang='lat' dir='ltr'><strong>errori</strong></span> <span class='ocrx_word' id='word_1_153' title='bbox 593 4123 844 4220; x_wconf 88' lang='lat' dir='ltr'><strong>longitudinis</strong></span> <span class='ocrx_word' id='word_1_154' title='bbox 860 4125 901 4194; x_wconf 91' lang='lat' dir='ltr'><strong>in</strong></span> <span class='ocrx_word' id='word_1_155' title='bbox 918 4125 1099 4218; x_wconf 88' lang='lat' dir='ltr'><strong>ecliptica.</strong></span> <span class='ocrx_word' id='word_1_156' title='bbox 1150 4130 1258 4201; x_wconf 89' lang='lat' dir='ltr'><strong>Justa</strong></span> <span class='ocrx_word' id='word_1_157' title='bbox 1275 4138 1312 4191; x_wconf 88' lang='lat' dir='ltr'><strong>et</strong></span> <span class='ocrx_word' id='word_1_158' title='bbox 1327 4118 1505 4215; x_wconf 88' lang='lat' dir='ltr'><strong>permissa</strong></span> <span class='ocrx_word' id='word_1_159' title='bbox 1520 4120 1718 4193; x_wconf 82' lang='lat' dir='ltr'><strong>ridebatur</strong></span> <span class='ocrx_word' id='word_1_160' title='bbox 1740 4124 1831 4196; x_wconf 86' lang='lat' dir='ltr'><strong>haec</strong></span> <span class='ocrx_word' id='word_1_161' title='bbox 1847 4150 1988 4225; x_wconf 89' lang='lat' dir='ltr'><strong>suppo-</strong></span> 
     </span>
     <span class='ocr_line' id='line_1_25' title="bbox 296 4238 1985 4338; baseline -0.003 -13"><span class='ocrx_word' id='word_1_162' title='bbox 296 4253 401 4336; x_wconf 84' lang='lat' dir='ltr'><strong>sitio,</strong></span> <span class='ocrx_word' id='word_1_163' title='bbox 430 4272 518 4319; x_wconf 89' lang='lat' dir='ltr'><strong>cum</strong></span> <span class='ocrx_word' id='word_1_164' title='bbox 536 4271 582 4316; x_wconf 86' lang='lat' dir='ltr'><strong>ex</strong></span> <span class='ocrx_word' id='word_1_165' title='bbox 599 4244 819 4315; x_wconf 88' lang='lat' dir='ltr'><strong>reductione</strong></span> <span class='ocrx_word' id='word_1_166' title='bbox 837 4244 883 4312; x_wconf 87' lang='lat' dir='ltr'><strong>ad</strong></span> <span class='ocrx_word' id='word_1_167' title='bbox 899 4244 1120 4338; x_wconf 88' lang='lat' dir='ltr'><strong>eclipticam,</strong></span> <span class='ocrx_word' id='word_1_168' title='bbox 1150 4260 1232 4312; x_wconf 90' lang='lat' dir='ltr'><strong>tum</strong></span> <span class='ocrx_word' id='word_1_169' title='bbox 1251 4244 1301 4313; x_wconf 90' lang='lat' dir='ltr'><strong>ob</strong></span> <span class='ocrx_word' id='word_1_170' title='bbox 1317 4241 1506 4312; x_wconf 90' lang='lat' dir='ltr'><strong>modicam</strong></span> <span class='ocrx_word' id='word_1_171' title='bbox 1527 4238 1670 4313; x_wconf 90' lang='lat' dir='ltr'><strong>orbitae</strong></span> <span class='ocrx_word' id='word_1_172' title='bbox 1686 4243 1985 4336; x_wconf 87' lang='lat' dir='ltr'><strong>inclinationem,</strong></span> 
     </span>
     <span class='ocr_line' id='line_1_26' title="bbox 296 4363 1986 4463; baseline 0 -18"><span class='ocrx_word' id='word_1_173' title='bbox 296 4393 379 4445; x_wconf 89' lang='lat' dir='ltr'><strong>tum</strong></span> <span class='ocrx_word' id='word_1_174' title='bbox 396 4371 445 4442; x_wconf 96' lang='lat' dir='ltr'><strong>ob</strong></span> <span class='ocrx_word' id='word_1_175' title='bbox 464 4385 672 4442; x_wconf 85' lang='lat' dir='ltr'><strong>accuratam</strong></span> <span class='ocrx_word' id='word_1_176' title='bbox 688 4363 945 4435; x_wconf 84' lang='lat' dir='ltr'><strong>inclinationis</strong></span> <span class='ocrx_word' id='word_1_177' title='bbox 965 4383 1001 4435; x_wconf 92' lang='lat' dir='ltr'><strong>et</strong></span> <span class='ocrx_word' id='word_1_178' title='bbox 1016 4365 1110 4435; x_wconf 89' lang='lat' dir='ltr'><strong>nodi</strong></span> <span class='ocrx_word' id='word_1_179' title='bbox 1130 4365 1408 4463; x_wconf 87' lang='lat' dir='ltr'><strong>cognitionem,</strong></span> <span class='ocrx_word' id='word_1_180' title='bbox 1435 4365 1567 4437; x_wconf 88' lang='lat' dir='ltr'><strong>nullus</strong></span> <span class='ocrx_word' id='word_1_181' title='bbox 1582 4368 1694 4458; x_wconf 86' lang='lat' dir='ltr'><strong>plane</strong></span> <span class='ocrx_word' id='word_1_182' title='bbox 1719 4392 1823 4441; x_wconf 88' lang='lat' dir='ltr'><strong>error</strong></span> <span class='ocrx_word' id='word_1_183' title='bbox 1845 4371 1885 4442; x_wconf 89' lang='lat' dir='ltr'><strong>in</strong></span> <span class='ocrx_word' id='word_1_184' title='bbox 1901 4372 1986 4445; x_wconf 88' lang='lat' dir='ltr'><strong>lon·</strong></span> 
     </span>
     <span class='ocr_line' id='line_1_27' title="bbox 296 4485 1988 4596; baseline -0.001 -30"><span class='ocrx_word' id='word_1_185' title='bbox 296 4490 506 4596; x_wconf 87' lang='lat' dir='ltr'><strong>gitudinem</strong></span> <span class='ocrx_word' id='word_1_186' title='bbox 527 4485 833 4561; x_wconf 87' lang='lat' dir='ltr'><strong>heliocentn&#39;cam</strong></span> <span class='ocrx_word' id='word_1_187' title='bbox 856 4485 1063 4558; x_wconf 88' lang='lat' dir='ltr'><strong>redundare</strong></span> <span class='ocrx_word' id='word_1_188' title='bbox 1088 4488 1218 4583; x_wconf 87' lang='lat' dir='ltr'><strong>possit.</strong></span> <span class='ocrx_word' id='word_1_189' title='bbox 1286 4495 1345 4562; x_wconf 82' lang='lat' dir='ltr'><strong>Ex</strong></span> <span class='ocrx_word' id='word_1_190' title='bbox 1362 4487 1516 4561; x_wconf 86' lang='lat' dir='ltr'><strong>Veneris</strong></span> <span class='ocrx_word' id='word_1_191' title='bbox 1541 4513 1608 4585; x_wconf 87' lang='lat' dir='ltr'><strong>per</strong></span> <span class='ocrx_word' id='word_1_192' title='bbox 1629 4492 1749 4562; x_wconf 89' lang='lat' dir='ltr'><strong>solem</strong></span> <span class='ocrx_word' id='word_1_193' title='bbox 1773 4517 1804 4563; x_wconf 83' lang='lat' dir='ltr'><strong>a.</strong></span> <span class='ocrx_word' id='word_1_194' title='bbox 1835 4499 1925 4581; x_wconf 87' lang='lat'>1761</span> <span class='ocrx_word' id='word_1_195' title='bbox 1951 4511 1988 4564; x_wconf 86' lang='lat' dir='ltr'><strong>et</strong></span> 
     </span>
     <span class='ocr_line' id='line_1_28' title="bbox 300 4608 1989 4710; baseline -0.004 -19"><span class='ocrx_word' id='word_1_196' title='bbox 300 4621 394 4710; x_wconf 87' lang='lat'><strong>1769</strong></span> <span class='ocrx_word' id='word_1_197' title='bbox 411 4612 639 4686; x_wconf 91' lang='lat' dir='ltr'><strong>transituum</strong></span> <span class='ocrx_word' id='word_1_198' title='bbox 655 4610 939 4705; x_wconf 84' lang='lat' dir='ltr'><strong>computatione</strong></span> <span class='ocrx_word' id='word_1_199' title='bbox 959 4610 1132 4682; x_wconf 84' lang='lat' dir='ltr'><strong>innotuit</strong></span> <span class='ocrx_word' id='word_1_200' title='bbox 1153 4609 1285 4697; x_wconf 90' lang='lat' dir='ltr'><strong>nobis,</strong></span> <span class='ocrx_word' id='word_1_201' title='bbox 1323 4634 1488 4682; x_wconf 89' lang='lat' dir='ltr'><strong>errorem</strong></span> <span class='ocrx_word' id='word_1_202' title='bbox 1508 4608 1759 4709; x_wconf 90' lang='lat' dir='ltr'><strong>longitudinis</strong></span> <span class='ocrx_word' id='word_1_203' title='bbox 1784 4609 1895 4700; x_wconf 91' lang='lat' dir='ltr'><strong>nodi,</strong></span> <span class='ocrx_word' id='word_1_204' title='bbox 1929 4609 1989 4685; x_wconf 85' lang='lat' dir='ltr'><strong>uti</strong></span> 
     </span>
     <span class='ocr_line' id='line_1_29' title="bbox 296 4731 1988 4829; baseline -0.003 -18"><span class='ocrx_word' id='word_1_205' title='bbox 296 4739 337 4811; x_wconf 90' lang='lat' dir='ltr'><strong>in</strong></span> <span class='ocrx_word' id='word_1_206' title='bbox 353 4745 573 4810; x_wconf 76' lang='lat' dir='ltr'><strong>Lacsnnu</strong></span> <span class='ocrx_word' id='word_1_207' title='bbox 593 4731 728 4806; x_wconf 89' lang='lat' dir='ltr'><strong>Tabuli</strong></span> <span class='ocrx_word' id='word_1_208' title='bbox 747 4732 961 4821; x_wconf 89' lang='lat' dir='ltr'><strong>exhibetur,</strong></span> <span class='ocrx_word' id='word_1_209' title='bbox 993 4732 1187 4804; x_wconf 90' lang='lat' dir='ltr'><strong>minutum</strong></span> <span class='ocrx_word' id='word_1_210' title='bbox 1209 4733 1376 4829; x_wconf 91' lang='lat' dir='ltr'><strong>primum</strong></span> <span class='ocrx_word' id='word_1_211' title='bbox 1400 4757 1482 4805; x_wconf 91' lang='lat' dir='ltr'><strong>non</strong></span> <span class='ocrx_word' id='word_1_212' title='bbox 1497 4759 1689 4829; x_wconf 88' lang='lat' dir='ltr'><strong>superare,</strong></span> <span class='ocrx_word' id='word_1_213' title='bbox 1718 4753 1756 4806; x_wconf 92' lang='lat' dir='ltr'><strong>et</strong></span> <span class='ocrx_word' id='word_1_214' title='bbox 1773 4735 1988 4807; x_wconf 90' lang='lat' dir='ltr'><strong>inclinatio·</strong></span> 
     </span>
     <span class='ocr_line' id='line_1_30' title="bbox 297 4853 1988 4948; baseline -0.004 -15"><span class='ocrx_word' id='word_1_215' title='bbox 297 4886 386 4933; x_wconf 88' lang='lat' dir='ltr'><strong>nem</strong></span> <span class='ocrx_word' id='word_1_216' title='bbox 400 4860 500 4931; x_wconf 92' lang='lat' dir='ltr'><strong>intra</strong></span> <span class='ocrx_word' id='word_1_217' title='bbox 515 4857 654 4931; x_wconf 87' lang='lat' dir='ltr'><strong>limites</strong></span> <span class='ocrx_word' id='word_1_218' title='bbox 672 4878 718 4928; x_wconf 78' lang='lat' dir='ltr'><strong>no</strong></span> <span class='ocrx_word' id='word_1_219' title='bbox 742 4854 978 4927; x_wconf 89' lang='lat' dir='ltr'><strong>minutorum</strong></span> <span class='ocrx_word' id='word_1_220' title='bbox 995 4853 1249 4926; x_wconf 89' lang='lat' dir='ltr'><strong>secundorum</strong></span> <span class='ocrx_word' id='word_1_221' title='bbox 1271 4856 1413 4948; x_wconf 88' lang='lat' dir='ltr'><strong>justam</strong></span> <span class='ocrx_word' id='word_1_222' title='bbox 1436 4881 1524 4936; x_wconf 86' lang='lat' dir='ltr'><strong>ease.</strong></span> <span class='ocrx_word' id='word_1_223' title='bbox 1576 4862 1657 4928; x_wconf 91' lang='lat' dir='ltr'><strong>Hae</strong></span> <span class='ocrx_word' id='word_1_224' title='bbox 1672 4880 1763 4927; x_wconf 87' lang='lat' dir='ltr'><strong>vero</strong></span> <span class='ocrx_word' id='word_1_225' title='bbox 1789 4854 1988 4927; x_wconf 82' lang='lat' dir='ltr'><strong>correctio·</strong></span> 
     </span>
     <span class='ocr_line' id='line_1_31' title="bbox 298 4975 1987 5082; baseline -0.003 -27"><span class='ocrx_word' id='word_1_226' title='bbox 298 5008 365 5056; x_wconf 90' lang='lat' dir='ltr'><strong>nes</strong></span> <span class='ocrx_word' id='word_1_227' title='bbox 391 4981 651 5054; x_wconf 86' lang='lat' dir='ltr'><strong>reductionem</strong></span> <span class='ocrx_word' id='word_1_228' title='bbox 677 4975 886 5050; x_wconf 81' lang='lat' dir='ltr'><strong>adorbitnm</strong></span> <span class='ocrx_word' id='word_1_229' title='bbox 906 4976 1125 5049; x_wconf 85' lang='lat' dir='ltr'><strong>notabiliter</strong></span> <span class='ocrx_word' id='word_1_230' title='bbox 1146 5001 1228 5049; x_wconf 91' lang='lat' dir='ltr'><strong>non</strong></span> <span class='ocrx_word' id='word_1_231' title='bbox 1251 4996 1410 5055; x_wconf 85' lang='lat' dir='ltr'><strong>mutant</strong></span> <span class='ocrx_word' id='word_1_232' title='bbox 1474 4982 1529 5056; x_wconf 87' lang='lat' dir='ltr'><strong>sit</strong></span> <span class='ocrx_word' id='word_1_233' title='bbox 1544 4977 1600 5082; x_wconf 63' lang='lat' dir='ltr'>st</span> <span class='ocrx_word' id='word_1_234' title='bbox 1616 4978 1763 5068; x_wconf 89' lang='lat' dir='ltr'><strong>nodus,</strong></span> <span class='ocrx_word' id='word_1_235' title='bbox 1802 4980 1816 5049; x_wconf 85' lang='lat' dir='ltr'><strong>i</strong></span> <span class='ocrx_word' id='word_1_236' title='bbox 1844 4975 1987 5050; x_wconf 85' lang='lat' dir='ltr'><strong>orbitae</strong></span> 
     </span>
     <span class='ocr_line' id='line_1_32' title="bbox 297 5098 1342 5198; baseline -0.011 -20"><span class='ocrx_word' id='word_1_237' title='bbox 297 5105 517 5193; x_wconf 88' lang='lat' dir='ltr'><strong>inclinatio,</strong></span> <span class='ocrx_word' id='word_1_238' title='bbox 543 5120 637 5174; x_wconf 90' lang='lat' dir='ltr'><strong>tunc</strong></span> <span class='ocrx_word' id='word_1_239' title='bbox 653 5127 700 5173; x_wconf 81' lang='lat' dir='ltr'><strong>ex</strong></span> <span class='ocrx_word' id='word_1_240' title='bbox 716 5102 768 5172; x_wconf 85' lang='lat' dir='ltr'><strong>ct</strong></span> <span class='ocrx_word' id='word_1_241' title='bbox 789 5106 915 5174; x_wconf 73' lang='lat' dir='ltr'><strong>Gauss</strong></span> <span class='ocrx_word' id='word_1_242' title='bbox 929 5098 1090 5172; x_wconf 82' lang='lat' dir='ltr'><strong>Theoria</strong></span> <span class='ocrx_word' id='word_1_243' title='bbox 1116 5124 1198 5198; x_wconf 86' lang='lat' dir='ltr'><strong>pag.</strong></span> <span class='ocrx_word' id='word_1_244' title='bbox 1217 5117 1265 5193; x_wconf 74' lang='lat'><strong>43</strong></span> <span class='ocrx_word' id='word_1_245' title='bbox 1285 5118 1342 5177; x_wconf 76' lang='lat' dir='ltr'><strong>est</strong></span> 
     </span>
    </p>
   </div>
   <div class='ocr_carea' id='block_1_11' title="bbox 609 5230 1690 5331">
    <p class='ocr_par' dir='ltr' id='par_1_14' title="bbox 609 5230 1690 5331">
     <span class='ocr_line' id='line_1_33' title="bbox 609 5230 1690 5331; baseline 0.008 -8"><span class='ocrx_word' id='word_1_246' title='bbox 609 5246 1038 5328; x_wconf 59' lang='lat' dir='ltr'><strong>sino—tent:</strong></span> <span class='ocrx_word' id='word_1_247' title='bbox 1076 5230 1690 5331; x_wconf 51' lang='lat' dir='ltr'><strong>‘arconneso-a&gt;</strong></span> 
     </span>
    </p>
   </div>
   <div class='ocr_carea' id='block_1_12' title="bbox 0 0 2290 6292">
    <p class='ocr_par' dir='ltr' id='par_1_15' title="bbox 0 0 2290 6292">
     <span class='ocr_line' id='line_1_34' title="bbox 0 0 2290 6292; baseline 0 0"><span class='ocrx_word' id='word_1_248' title='bbox 0 0 2290 6292; x_wconf 95' lang='lat' dir='ltr'><strong> </strong></span> 
     </span>
    </p>
   </div>
  </div>
 </body>
</html>
