4514 6300
1110 603 1136 667 6

273 761 540 835 heliocentrica
555 784 637 831 non
650 759 726 832 nisi
738 755 886 831 functio
905 756 1070 852 epochae
1086 754 1376 830 excentricitatis
1393 775 1432 829 et
1445 754 1635 855 perihelii,
1660 758 1828 833 latitudo
1846 772 1970 831 autem

273 882 531 956 inclinationis
546 901 584 957 et
596 884 692 956 nodi
709 884 851 955 evadat.
904 880 1066 953 Nullum
1083 904 1130 952 ex
1144 881 1213 952 hac
1232 880 1369 953 calculi
1383 882 1565 955 methodo
1583 907 1748 956 errorem
1762 882 1970 954 notabilem

272 1006 315 1081 in
334 1010 609 1081 elementorum
625 1006 898 1080 correctionem
914 1002 1122 1076 redundare
1140 1027 1272 1099 posse,-
1299 1003 1342 1076 in
1357 1005 1602 1101 sequentibus
1613 1003 1945 1103 demonstrabitur.

373 1203 429 1278 Sit

713 1322 729 1389 l
767 1323 974 1411 geotentrict
993 1323 1143 1409 planetae
1163 1321 1332 1386 observata
1351 1320 1527 1410 iongitudo

706 1430 728 1491 b
767 1432 907 1493 latitudo
929 1432 1134 1513 gencentrica
1156 1430 1324 1493 observate

692 1534 726 1596 L
766 1535 1000 1596 bellocentrica
1021 1546 1122 1595 terrae
1147 1532 1325 1615 longitudo

691 1637 726 1698 Β
767 1638 846 1698 solis
868 1657 886 1698 a
907 1652 990 1699 terra
1011 1636 1163 1698 distantia

693 1746 720 1799 Δ
765 1741 916 1823 planetae
943 1754 1063 1801 eterra
1085 1738 1238 1800 distantia
1260 1749 1386 1800 curtata

691 1822 718 1921 β
765 1844 999 1905 heliocentrica
1017 1844 1167 1925 planetae
1186 1838 1328 1901 latitudo

696 1943 721 2005 λ
767 1946 942 2029 longitudo
965 1947 1210 2010 heliocentrict.

274 2099 358 2174 lam
373 2092 560 2175 formulae
575 2102 622 2175 ad
638 2101 900 2179 reductionem
918 2106 997 2179 loci
1011 2103 1240 2204 geocentrici
1256 2100 1303 2173 ad
1322 2099 1651 2183 heliocentricum,
1679 2096 1748 2167 hae
1765 2110 1873 2167 sunt:

773 2278 801 2339 Ι»
842 2226 1492 2388 οἱηῌ-υε-ξ-Λίηῌ-ῑ.)

276 2449 387 2523 Unde
401 2454 600 2546 parallaxis
618 2480 741 2528 annua
761 2476 799 2528 et
814 2456 989 2552 deinceps
1003 2453 1206 2554 longitudo
1226 2457 1397 2550 planetae
1412 2451 1678 2526 heliocentrica
1694 2468 1890 2523 eruuntur.

774 2634 818 2698 11.
858 2643 947 2700 u:
966 2636 1007 2698 n.
1029 2585 1268 2685 Q

1029 2691 1268 2769 amo-n

748 2866 807 2930 ΠΙ.
849 2882 896 2953 tg.
913 2826 1056 2950 βΔ
958 2884 1000 2936 z
1019 2907 1071 2987 -ῐ-
1092 2914 1102 2934 .
1128 2883 1217 2953 tang.
1238 2869 1271 2931 b.

275 3050 372 3117 Cum
389 3043 436 3116 ad
449 3042 515 3118 has
530 3044 768 3120 reductiones
785 3051 932 3121 radium
947 3069 1140 3122 vectorem
1174 3077 1193 3120 r
1228 3048 1404 3121 stabulis
1422 3063 1639 3143 computare
1652 3070 1805 3121 necesse
1819 3049 1888 3137 sit,
1916 3075 1968 3121 re·

273 3169 366 3240 latio
384 3192 488 3239 nunc
504 3168 603 3239 inter
630 3171 681 3239 dr
707 3189 745 3241 et
770 3172 829 3248 dt
855 3172 1136 3243 detemrinanda
1157 3187 1223 3242 est.
1275 3170 1468 3241 Habemus

876 3339 1074 3403 dt:
1023 3292 1068 3455 d:
1094 3354 1214 3421 ..tang
1236 3342 1381 3419 (Ι-λ)

272 3519 328 3593 Sit
353 3524 411 3590 M.
439 3518 625 3589 anomalia
642 3516 783 3606 media,
811 3547 831 3593 e
856 3519 1131 3595 excentricitas:
1161 3542 1245 3596 tum
1264 3528 1335 3597 erit

774 3688 884 3755 ατε
925 3640 1094 3821 er>
1113 3644 1410 3819 aus>
1431 3696 1483 3759 «ιο

276 3911 351 3986 Ubi
365 3914 574 3986 secundum
591 3920 757 3991 Eunnnt
778 3910 1037 4006 notationem,
1066 3921 1291 4017 quantitates
1320 3878 1486 4054 (ddM)
1501 3878 1581 4052 (3-
1561 3884 1883 4048 Dcoefficientes
1899 3926 1969 4002 dif-

274 4057 487 4132 ferentiales
514 4061 721 4160 designant

274 4222 330 4296 sit
344 4249 460 4320 porro
477 4226 688 4322 hplanetae
703 4224 955 4328 longitudinis
971 4230 1114 4305 mediae
1144 4236 1302 4331 epocha,
1338 4266 1369 4314 rr
1394 4235 1604 4332 aphelium;
1639 4236 1728 4309 hinc
1745 4234 1790 4313 fit

275 4676 379 4750 unde
405 4679 560 4780 emergit

405 4808 1840 5010 ar-{(71{¹-¹).(ss--),3454OE2)d„}tg-—nr(1-n

1711 4954 1728 4994 i'

276 5052 359 5127 Jam
383 5048 512 5142 posito
534 5050 809 5125 observationis
832 5077 1030 5128 errore:
1055 5083 1096 5147 o,
1135 4835 1356 5158 longitudo
1368 5059 1568 5136 habebitur
1592 5086 1679 5139 vera
1701 5064 1967 5144 heliocentrica

273 5168 470 5244 observate
996 5204 1039 5261 ’.-
1077 5209 1163 5273 rt-
1182 5194 1235 5258 ἀλ
