4514 6300
591 1980 595 1989 ,
718 1852 1268 1947 ruvusmoarro
1309 1855 1522 1947 Nova

356 2060 1847 2286 *ORBITAEAMERCURIO

651 2412 845 2482 CIRCA
891 2410 1110 2482 SOLEM
1153 2408 1586 2483 D'ESCRIPTAE.

988 2646 1012 2682 Ι
1273 2646 1276 2653 .

279 2758 564 3010 Quamquam
591 2870 679 2941 inde
705 2888 725 2940 a
749 2870 943 2966 superiore
969 2874 1119 2944 saeculo
1146 2871 1272 2943 medio
1299 2882 1608 2943 astronomorum
1632 2859 1759 2961 plures
1775 2868 1816 2939 ln
1838 2868 1970 2963 primis

277 3006 505 3080 Lanaumu,
535 3003 713 3082 Onraur,
741 3006 1064 3081 rimarem,
1093 3005 1261 3081 Wuuru,
1288 3004 1553 3079 Durameuu,
1581 2996 1646 3063 &c
1666 2988 1805 3065 &crde
1826 2997 1971 3066 orbitae

278 3116 459 3188 Mercurii
477 3117 617 3187 theoria
633 3118 820 3209 praeclare
834 3132 924 3186 sunt
939 3117 1154 3208 promeriti:
1179 3135 1304 3185 tamen
1322 3140 1422 3187 nova
1443 3117 1600 3204 hujusce
1617 3115 1671 3184 rei
1688 3116 1881 3200 tractatio,
1902 3118 1971 3186 du·-

277 3241 368 3337 plici
383 3240 428 3309 de
444 3263 571 3324 causa,
592 3238 815 3332 auctisquae
830 3237 876 3307 ad
890 3238 986 3307 banc
1002 3236 1284 3333 indagationem
1298 3237 1419 3309 facere
1434 3254 1597 3331 possunt
1609 3236 1780 3324 auxiliis,
1793 3237 1971 3311 scientiae

211 3362 215 3369 ’
278 3363 487 3435 commodis
518 3362 699 3433 inservire
722 3360 928 3433 videbatur.
982 3359 1133 3431 Etenim
1156 3362 1196 3429 in
1221 3359 1400 3431 omnibus
1425 3357 1754 3454 disquisitionibus
1779 3361 1971 3456 prioribus

278 3487 354 3559 fere
368 3511 515 3582 semper
530 3510 611 3556 uon
627 3485 703 3555 nisi
713 3484 900 3555 observati
916 3483 1097 3554 Mercurii
1113 3483 1291 3555 transitus
1308 3483 1354 3553 ad
1371 3483 1533 3554 orbitam
1548 3481 1803 3555 definiendam
1820 3484 1972 3557 fuerant

279 3596 461 3693 adhibiti,
489 3602 818 3702 perturbationum
839 3597 1144 3702 aequationibu's,
1171 3623 1263 3700 quas
1283 3622 1417 3699 pbstea
1433 3609 1592 3676 orum
1622 3622 1660 3674 et
1683 3612 1878 3679 Laeaacta
1907 3634 1971 3703 pe-

263 3735 381 3804 -nitus
406 3745 647 3803 excusserant
669 3730 894 3824 plerumque
917 3729 1108 3826 neglectis.
1174 3728 1292 3823 Atqui
1313 3728 1404 3798 licet
1425 3744 1507 3796 non
1530 3724 1653 3821 possit
1673 3726 1859 3816 dubitari,
1885 3731 1972 3804 loca

278 3852 461 3927 Mercurii
484 3851 777 3937 heliocentrica,
806 3878 826 3923 e
853 3851 1072 3922 transitibus
1100 3850 1328 3937 derivanda,
1355 3850 1600 3946 praecipuum
1635 3851 1840 3940 cujuslibet
1865 3856 1972 3926 theo·

279 3981 353 4050 riae
364 3974 545 4047 Mercurii
561 3972 852 4048 fundamentum
869 4000 947 4048 esse
966 3975 1118 4046 debere:
1147 3973 1470 4061 tamenbonarum
1485 3973 1796 4046 observationum
1812 4001 1972 4074 geocen=

280 4104 457 4173 tricarum
482 4122 573 4169 usus
603 4099 693 4168 huic
715 4099 769 4170 rei
793 4124 839 4169 eo
874 4097 1194 4170 accommodatior
1221 4113 1294 4182 est,
1341 4121 1461 4192 quum
1486 4121 1618 4168 omnes
1644 4098 1704 4168 illi
1726 4101 1906 4173 transitus
1930 4103 1973 4174 in

280 4224 431 4297 duobus
445 4239 594 4292 tantum
611 4223 753 4293 orbitae
769 4220 920 4317 punctis
938 4222 1069 4291 locum
1080 4221 1257 4304 habeant,
1277 4235 1389 4313 atque
1408 4238 1608 4315 propterea
1623 4210 1771 4294 minore
1789 4249 1876 4294 cum
1889 4250 1973 4319 per-

281 4331 478 4444 spicuitate
508 4362 545 4415 et
568 4346 766 4417 securitate
792 4363 912 4415 totam
937 4343 1088 4439 ellipsin
1113 4328 1359 4413 determinare
1384 4332 1544 4438 possint.
1613 4332 1727 4439 Quod
1751 4346 1782 4416 si
1804 4347 1900 4417 hanc
1922 4347 1971 4419 ob

282 4493 430 4544 causant
449 4470 724 4539 elementorum
749 4455 932 4541 Mercurii
957 4490 1051 4563 quae
1069 4466 1268 4551 adessent,
1313 4466 1527 4537 emendatio
1552 4490 1639 4536 cum
1657 4466 1781 4561 aliqua
1798 4467 1975 4540 similitu·

281 4596 370 4668 dine
385 4592 465 4663 veri
481 4590 687 4685 exspectari
705 4608 852 4685 possets
877 4615 978 4662 nova
997 4589 1164 4661 theoriae
1180 4589 1361 4659 Mercurii
1376 4589 1570 4674 tractatio,
1607 4614 1701 4685 quae
1723 4591 1972 4686 perturbatio·

282 4743 377 4790 uum
392 4715 594 4799 theoriam,
623 4713 668 4784 ab
686 4714 741 4785 ill.
768 4722 962 4787 Laraace
981 4713 1237 4807 propositam,
1259 4711 1470 4798 adhiberet,
1499 4713 1609 4785 aliam
1631 4712 1877 4809 promittebat
1900 4717 1974 4786 uti·

282 4843 427 4913 litatem
442 4837 703 4923 theoreticam,
732 4862 828 4932 quae
844 4856 916 4907 uos
932 4829 973 4906 in
991 4835 1120 4930 primis
1146 4837 1286 4906 adhoc
1308 4836 1508 4932 negotium
1533 4834 1816 4930 suscipiendum
1838 4838 1974 4912 invita·

283 4965 349 5038 rit.
391 4965 563 5053 Namque
577 4950 667 5057 satis·
679 4977 829 5031 constat
842 4958 942 5030 inter
958 4974 1217 5044 astronomos,
1245 4984 1359 5053 quam
1374 4958 1514 5029 ineerta
1532 4956 1760 5030 etiamnunc
1779 4960 1855 5031 siut
1871 4988 1974 5057 prae-

285 5104 408 5179 cepta,
435 5082 572 5176 quibus
588 5082 628 5152 in
645 5080 870 5180 definiendis
898 5084 1134 5176 planetarum
1156 5070 1382 5153 satellitibus
1405 5083 1630 5166 carentium,
1658 5083 1790 5153 massis
1810 5086 1972 5170 utiunn·;

285 5204 421 5278 omissa
441 5206 733 5278 conclusionum
749 5204 1030 5302 analogicarunr
1043 5205 1242 5291 futilitate,
1272 5206 1383 5277 aliam
1408 5186 1669 5277 ac‘meltorem
1690 5206 1732 5276 in
1748 5208 1817 5277 hac
1843 5232 1882 5277 re
1897 5232 1974 5287 uro·
