4514 6300
1095 537 1144 613 25

275 696 355 783 43¹‘
369 688 566 764 ascendere
584 687 716 785 possit
768 687 827 760 Ad
842 685 1065 761 methodum
1081 687 1188 759 illam
1200 683 1451 783 indagandam
1476 688 1582 784 qnod
1605 686 1757 777 attinet,
1784 688 1970 781 diversam

276 839 361 885 eam
378 839 457 887 asse
474 814 609 885 debere
623 829 737 906 puto,
765 829 881 906 prout
893 810 954 882 hic
969 812 1032 883 vel
1046 809 1141 881 alius
1159 806 1294 879 calculi
1314 805 1405 881 finis
1429 810 1649 906 propositus
1675 811 1733 884 sit.
1788 821 1911 912 Quem
1925 815 1969 891 iu

277 935 523 1008 aberrationis
539 936 685 1009 calculo
702 935 862 1006 modum
878 957 951 1007 nos
966 932 1085 1005 secuti
1098 931 1235 1017 simus,
1263 928 1426 1003 breviter
1443 932 1726 1028 explicabimus.
1788 1039 1794 1049 Ι

378 1111 406 1176 1.
459 1107 497 1180 si
513 1132 671 1205 magnus
688 1102 792 1177 adest
806 1102 983 1176 locorum
998 1099 1323 1199 geocentricorum
1342 1103 1627 1175 observatorum
1642 1130 1838 1195 numerus,
1865 1106 1968 1187 undo

279 1223 438 1302 diurnus
454 1248 582 1300 motus
599 1230 769 1324 planetae
786 1243 914 1298 exacte
929 1224 1192 1316 consequitur,
1220 1226 1356 1318 procul
1372 1225 1489 1296 dubio
1505 1226 1687 1298 aberratio
1705 1228 1884 1305 facillime
1903 1233 1971 1305 ob·

278 1350 440 1437 ametur,
467 1353 578 1423 illum
606 1369 643 1422 et
666 1351 837 1445 planetae
861 1372 880 1417 a
905 1364 1000 1419 terra
1026 1344 1242 1416 distantiam
1265 1346 1307 1418 in
1329 1372 1442 1419 usum
1467 1349 1652 1420 vocando.
1712 1352 1967 1451 Designamus

278 1489 430 1541 motum
443 1473 724 1570 geocentricum
738 1473 909 1567 planetae
924 1470 965 1540 in
978 1468 1136 1540 minutis
1152 1470 1326 1541 secundis
1342 1495 1562 1566 expressum
1577 1496 1644 1566 per
1668 1499 1723 1562 m,
1753 1475 1970 1552 distantiam

278 1610 415 1689 aterra
429 1618 497 1689 per
514 1601 581 1683 D‘,
610 1596 681 1666 erit

592 1739 787 1817 Aberratio
812 1771 861 1813 =
884 1740 961 1839 log.
979 1764 1019 1812 m
1043 1743 1091 1829 4-
1114 1739 1238 1838 log.D
1263 1744 1310 1824 -1-
1333 1741 1411 1838 log.
1436 1745 1656 1839 7,7565094.

282 1891 516 1978 (Lanterna
543 1890 786 1965 Astronomie
813 1894 956 1983 2335).
1027 1919 1030 1923 ¹

382 2014 541 2109 Quando
560 2015 709 2086 deloco
728 2012 928 2086 observato
952 2010 994 2081 in
1008 2034 1141 2083 verum
1160 2007 1418 2082 convertendo
1435 2034 1558 2083 sermo
1577 2029 1651 2100 est,
1679 2014 1969 2094 haec'aberratio

282 2136 501 2231 applicanda
519 2153 576 2210 est
593 2159 679 2206 curn
702 2136 811 2235 signo
833 2152 881 2221 -t-
913 2136 945 2206 si
963 2152 1092 2206 motus
1114 2132 1296 2218 directus,
1332 2173 1383 2192 -
1413 2135 1445 2205 si
1467 2135 1716 2233 retrogradus.
1770 2140 1871 2212 Huic
1892 2168 1970 2215 me·

283 2257 405 2329 thodo
432 2258 559 2329 tabula
585 2264 747 2333 XXVIII
778 2259 955 2344 inservit,
998 2280 1206 2353 quaecum
1238 2274 1461 2352 argumento
1493 2268 1511 2295 ”
1529 2263 1811 2335 Commutatio'⁸
1844 2267 1972 2339 atatim

280 2381 551 2477 logarithmum
567 2383 762 2453 distantiae
778 2383 949 2476 planetae
968 2401 987 2448 a
1006 2396 1102 2449 terra
1127 2377 1289 2472 praebet.
1342 2379 1397 2450 Sit
1422 2384 1483 2466 D,
1510 2405 1547 2466 r,
1576 2387 1605 2451 C
1630 2381 1805 2457 muntia
1830 2404 1973 2463 curtata
2040 2390 2046 2397 ’

282 2502 452 2596 planetae
470 2529 491 2575 a
506 2507 606 2592 sole,
633 2504 808 2577 distantia
824 2503 915 2576 solis
931 2526 951 2573 a
971 2519 1083 2587 terra,
1112 2516 1149 2572 et
1163 2501 1324 2597 angulus
1341 2501 1671 2592 commutationis,
1700 2506 1772 2579 erit

713 2654 992 2765 n‘=((1]²
1018 2652 1068 2746 «Ι-
1094 2653 1136 2717 r²
1161 2686 1212 2705 -
1238 2651 1350 2719 aDr.
1379 2673 1455 2721 cos.
1483 2655 1538 2747 C)

284 2821 331 2869 ex
346 2822 419 2893 qua
430 2795 599 2873 formula
617 2798 744 2870 tabula
764 2803 926 2871 XXVIII
953 2811 1170 2891 computata
1186 2811 1252 2865 est
1306 2799 1392 2866 Hoc
1413 2795 1552 2882 modo,
1579 2797 1668 2871 loco
1696 2798 1893 2878 distantiae
1907 2829 1972 2881 var

283 2945 344 3009 rae
362 2945 443 2992 non
458 2921 534 2993 nisi
554 2939 742 2995 curtatum
783 2919 966 3006 obtineri,
993 2917 1139 2989 nullius
1158 2918 1270 3011 plane
1292 2919 1480 2988 momenti
1521 2919 1563 2989 in
1581 2923 1728 2995 calculo
1769 2925 1972 3002 aberratio·

281 3042 343 3113 nis
360 3062 426 3115 est.

238 3164 242 3171 '
384 3170 431 3237 D.
469 3184 644 3240 constans
675 3195 723 3239 ς
756 3187 951 3256 0,72333,
981 3189 1051 3260 pro
1081 3185 1101 3232 r
1134 3183 1226 3233 vero
1253 3160 1462 3234 successive
1487 3149 1681 3257 o,933a1,
1712 3190 1905 3258 1‚ooooo,
1928 3191 1972 3263 et

287 3292 457 3382 1‚01679
484 3290 767 3384 supposuimus.
819 3296 982 3362 Invento
999 3288 1128 3357 valore
1153 3312 1173 3354 r
1199 3309 1246 3356 ex
1269 3284 1589 3380 ephemeridibus,
1614 3287 1724 3363 facilc
1745 3279 1974 3394 in’telligitrm

284 3434 333 3480 ex
356 3432 429 3503 qua
446 3411 622 3481 columna
640 3413 799 3507 petenda
815 3415 863 3484 sit
879 3408 1065 3506 quantitas
1085 3413 1146 3479 D‘.

384 3561 432 3629 11.
483 3558 523 3629 si
540 3559 656 3629 modo
676 3558 722 3628 de
739 3557 991 3652 comparando
1006 3557 1095 3626 loco
1120 3554 1318 3627 observato
1338 3578 1426 3627 cum
1442 3555 1602 3630 tabulari
1624 3581 1747 3631 sermo
1771 3579 1846 3651 est,
1882 3590 1974 3640 con·

285 3680 430 3751 sultum
444 3703 524 3752 esse
540 3681 708 3766 videtur,
735 3680 959 3750 methodum
986 3678 1031 3749 ab
1049 3677 1107 3750 Ill.
1143 3685 1370 3753 Dosaroun
1404 3681 1659 3774 propositam,
1696 3707 1792 3777 quae
1817 3710 1904 3762 sane
1930 3691 1974 3764 in

285 3800 471 3871 immerita
490 3801 684 3874 oblivione
699 3802 812 3894 jacet,
839 3804 879 3873 in
894 3827 1007 3873 usum
1024 3826 1177 3887 vocare,
1214 3827 1287 3896 qua
1303 3801 1576 3873 observationis
1591 3825 1829 3878 momentum
1853 3811 1897 3881 ab
1920 3812 1974 3886 ef·

284 3920 388 3995 fectu
405 3923 649 3996 aberrationis
664 3925 854 3996 liberetur.
907 3926 962 3997 Sit
977 3942 1124 4016 tempus
1144 3947 1324 4017 apparens
1354 3921 1627 3996 observationis
1660 3955 1708 3998 z:
1733 3933 1797 4016 M,
1821 3932 1973 4008 habebi.

283 4061 349 4116 tur
366 4063 516 4142 tempus
533 4072 667 4119 verum
681 4047 727 4117 ab
753 4046 998 4119 aberrationis
1022 4040 1155 4115 effectu
1173 4044 1374 4116 liberatum

875 4240 922 4280 =
948 4215 994 4280 M
1017 4252 1068 4267 -
1095 4216 1132 4298 θ’
1160 4215 1280 4296 12‚‘¹a.
1308 4212 1369 4279 D‘.

386 4364 469 4439 Jam
491 4356 524 4427 si
539 4379 609 4451 pro
626 4356 699 4428 hoc
712 4376 910 4429 momento
933 4358 1042 4429 locus
1072 4359 1243 4453 planetae
1269 4353 1445 4429 atabulis
1468 4355 1692 4448 calculatur,
1727 4363 1880 4460 quasvis
1901 4365 1974 4443 alia

290 4478 534 4551 aberrationis
553 4482 752 4574 applicatio
769 4505 923 4578 prorsus
938 4478 1160 4577 negligenda
1176 4499 1242 4552 est

387 4652 419 4718 E
447 4650 590 4720 Tabula
612 4655 739 4721 XXIX
765 4676 852 4722 cum
878 4669 1099 4749 argumento
1133 4663 1151 4689 ”
1167 4652 1452 4726 Commutatio”
1485 4654 1667 4726 correctio
1686 4658 1866 4753 temporis
1890 4659 1973 4735 sinc

288 4770 366 4840 ulla
385 4765 604 4841 difficultate
621 4773 825 4844 invenitur.

388 4921 453 4987 ΙΙΙ.
508 4917 667 5013 Quando
693 4918 974 4992 observationes
1000 4920 1169 5018 singulae
1193 4938 1231 4993 et
1254 4920 1354 4992 inter
1378 4945 1417 4994 se
1433 4921 1582 4996 dissitae
1607 4922 1838 4999 reducendae
1864 4946 1970 5017 sunt,

289 5036 415 5109 tabula
442 5045 550 5112 XXX
577 5040 620 5112 in
644 5065 757 5114 usum
774 5044 945 5117 vocanda
966 5061 1042 5129 est,
1071 5068 1165 5140 quae
1193 5069 1281 5116 cum
1304 5062 1525 5142 argumento
1555 5051 1818 5148 ’'mengono''
1853 5052 1974 5149 ipsam

1233 5191 1259 5265 g
