4514 6300
276 870 344 945 isti
366 871 523 970 negotio
544 866 633 941 ideo
660 866 788 941 minus
805 863 1021 958 sufficiunt,
1054 870 1141 966 quia
1168 886 1251 941 tum
1273 868 1456 942 maximas
1480 869 1813 965 perturbationum
1825 869 1979 943 Veneris

277 1020 347 1093 per
365 1014 504 1067 terram
526 995 768 1090 aequationes
794 1018 1013 1066 evanescere
1037 1009 1196 1065 constat.
1249 993 1562 1090 Quamprimum
1585 1011 1712 1065 tamen
1735 994 1876 1086 justam
1896 992 1981 1064 ido·

277 1143 436 1189 nearum
453 1117 762 1190 observationum
776 1118 927 1211 copiam
945 1118 1122 1215 colligere
1137 1115 1232 1212 mihi
1248 1114 1468 1213 contigerit,
1486 1114 1644 1186 adhunc
1662 1116 1980 1214 disquisitionem,

279 1264 351 1312 nec
368 1267 451 1312 non
472 1242 519 1311 ad
535 1244 740 1314 saeculares
758 1243 1033 1312 elementorum
1050 1239 1203 1312 Venen's
1219 1230 1447 1310 variadones
1462 1239 1602 1324 redire,
1631 1240 1836 1312 consilium
1856 1241 1948 1336 cepi.

381 1367 496 1436 Plena
516 1381 553 1435 et
568 1360 839 1458 perfectissima
856 1361 1030 1432 omnium
1048 1363 1203 1434 Veneris
1228 1387 1295 1455 per
1308 1379 1446 1433 ceteras
1462 1362 1633 1433 Planetas
1655 1363 1984 1456 perturbationem

281 1488 497 1558 enucleatio
516 1504 553 1558 et
571 1485 762 1572 evolutio,
799 1509 913 1581 quam
932 1485 988 1554 01.
1007 1511 1061 1557 na
1076 1494 1214 1558 Pracn
1234 1485 1431 1569 debemus,
1459 1482 1797 1578 perpoliendorum
1821 1488 1984 1559 elemen-

280 1629 412 1681 torum
435 1611 692 1706 ellipticorum
714 1608 883 1680 laborem
908 1623 947 1678 et
970 1609 1133 1680 maxime
1156 1609 1330 1680 sublevat
1353 1624 1391 1678 et
1412 1606 1678 1677 certitudinem
1702 1606 1984 1682 determinatio·

278 1735 340 1805 nis
356 1750 477 1831 auget.
530 1741 620 1804 Non
638 1757 727 1804 sane
745 1733 900 1816 desunt,
930 1731 997 1826 qui
1011 1731 1086 1822 jam
1100 1731 1203 1803 felici
1218 1755 1394 1802 successu
1408 1729 1451 1800 in
1463 1729 1540 1832 ⁴hac
1557 1753 1667 1801 arena
1692 1732 1982 1820 desudavertmt,

281 1857 489 1952 etquidem
504 1856 545 1927 in
563 1854 797 1927 elaborandis
814 1854 968 1925 Veneris
987 1855 1126 1926 tabulis
1145 1878 1259 1924 nemo
1278 1852 1486 1925 studiosius
1503 1877 1657 1948 operam
1670 1853 1841 1939 navavit,
1870 1877 1985 1948 quam

277 1980 350 2075 qui
370 1980 482 2054 rebus
506 1977 680 2049 humanis
705 2000 829 2072 nuper
849 1992 1019 2047 exemtus
1044 1993 1119 2061 est,
1163 1979 1220 2048 01.
1248 2002 1301 2048 ra
1327 1982 1500 2061 Lunna,
1527 1975 1594 2070 qui
1619 1975 1773 2070 quidem
1796 1975 1873 2065 jam
1887 1977 1933 2047 ab
1950 2002 1982 2051 a.

284 2107 380 2189 1760
403 2103 444 2172 in
467 2100 709 2172 emendandis
731 2099 886 2172 Veneris
910 2099 1104 2170 elementis
1130 2101 1249 2170 solers
1277 2097 1362 2168 fuit.
1428 2097 1500 2198 Cui
1522 2074 1729 2168 industriae
1746 2116 1904 2196 eventus
1921 2123 1984 2171 an-

277 2224 385 2308 nuit,
415 2246 502 2293 cum
518 2225 672 2295 Veneris
694 2223 858 2295 Tabulae
881 2221 922 2290 in
938 2220 1046 2291 tertia
1064 2220 1145 2312 ejus
1162 2220 1427 2292 Astronomiae
1444 2220 1611 2292 editione
1625 2220 1861 2314 propositae,
1897 2247 1984 2294 cum

279 2345 391 2424 coelo
407 2365 485 2417 tam
502 2347 688 2440 praeclare
703 2344 940 2438 conspirent,
974 2361 1021 2413 ut
1044 2361 1082 2414 et
1105 2342 1179 2412 hoc
1202 2359 1480 2438 tempererare
1506 2343 1775 2413 tantummodo
1791 2343 1986 2417 dimidiam

279 2470 471 2540 minutam
486 2470 532 2539 ab
549 2467 878 2540 observationibus
894 2465 1076 2536 aberrent
1118 2472 1288 2562 Quarum
1308 2465 1523 2537 tabularum
1542 2490 1631 2538 cum
1650 2465 1759 2537 coelo
1776 2484 1985 2542 consensus

281 2611 493 2663 memoratu
519 2616 563 2663 eo
590 2591 742 2688 dignior
765 2607 839 2674 est,
875 2580 996 2685 quum
1020 2591 1073 2660 01.
1099 2592 1245 2661 Auctor
1268 2614 1402 2661 omnes
1424 2589 1748 2685 perturbationes,
1787 2613 1902 2685 quae,
1941 2611 1986 2664 ut

282 2715 443 2787 lectores
458 2732 588 2810 postea
605 2713 807 2798 videbunt,
834 2713 876 2781 in
894 2713 1068 2783 Maximo
1092 2719 1155 2783 26⁰
1180 2730 1360 2807 aequant,
1395 2714 1615 2811 neglexerit.
1670 2712 1797 2804 Hujus
1819 2715 1985 2808 phaeno-

282 2838 386 2908 meni
403 2835 693 2932 explicationem
710 2834 848 2926 partim
862 2833 952 2903 inde
969 2852 1095 2927 petere
1109 2835 1256 2921 licebit,
1290 2838 1398 2929 quod
1419 2834 1634 2904 tabularum
1649 2837 1879 2927 comparatio
1897 2862 1985 2909 cum

283 2955 633 3040 observationibus,
661 2956 823 3024 maxim
843 2973 1026 3047 exparte,
1056 2957 1167 3024 unice
1188 2957 1229 3024 in
1256 2955 1394 3024 vicinia
1412 2953 1730 3040 conjtmctionum
1746 2957 1986 3048 superiorum

222 3163 226 3170 Ι
282 3106 353 3152 seu
368 3079 595 3150 inferiorum
613 3075 657 3145 ab
672 3075 912 3147 Astronomis
930 3072 1080 3142 institui
1097 3073 1239 3155 solerte
1254 3070 1324 3143 'his
1341 3096 1433 3142 vero
1450 3074 1605 3166 epochis
1623 3075 1704 3145 sine
1721 3077 1858 3176 majori
1872 3079 1986 3152 detri-

282 3217 416 3272 mento
433 3198 588 3271 Veneris
606 3195 909 3290 perturbationes
925 3219 993 3290 per
1014 3211 1151 3266 terram
1171 3195 1414 3292 negligendas
1436 3219 1516 3266 esse
1532 3196 1777 3269 notissimum
1791 3216 1857 3271 est.

387 3327 487 3416 Quas
505 3319 660 3391 Veneris
679 3319 825 3390 tabulas
841 3343 873 3403 a.
893 3294 987 3410 17q0
1005 3319 1060 3388 01.
1077 3324 1382 3389 Tarnsnncrtnn
1400 3319 1582 3412 protulit,
1617 3345 1751 3419 magna
1771 3345 1858 3394 cura
1874 3341 1912 3395 et
1931 3326 1987 3397 di·

284 3443 440 3542 ligentia
455 3459 545 3514 sunt
559 3441 778 3513 elaboratae.
831 3445 966 3512 Motus
989 3441 1135 3511 medius
1160 3439 1202 3508 in
1229 3440 1286 3511 his
1310 3441 1449 3511 tabulis
1465 3441 1653 3515 stabilitus
1671 3467 1759 3515 cum
1773 3469 1860 3517 meo
1877 3473 1986 3542 pron

287 3592 351 3641 sus
367 3565 575 3647 consentin
603 3587 728 3658 neque
746 3581 844 3636 esset
858 3561 1051 3658 profecto,
1087 3561 1192 3658 quod
1205 3563 1297 3633 alias
1314 3562 1589 3657 requireremus
1615 3565 1781 3652 tabulas,
1807 3568 1984 3644 dummo-

289 3689 338 3761 do
356 3686 685 3783 perturbationum
709 3685 951 3781 aequationes
975 3685 1092 3783 magis
1119 3687 1329 3780 completae
1352 3701 1389 3756 et
1413 3684 1641 3758 variationes
1658 3689 1865 3762 saeculares
1882 3694 1986 3765 adhi-

288 3814 385 3884 bitae
400 3810 550 3882 fuerint.
601 3811 658 3880 cl.
677 3815 981 3881 Tarasnacara
1007 3809 1109 3879 enim
1135 3807 1240 3878 illius
1265 3809 1384 3879 modo
1408 3806 1643 3902 aequationis
1658 3811 1845 3887 rationem
1863 3815 1984 3904 duxit,

287 3960 383 4032 quae
399 3959 445 4004 ex
465 3932 611 4004 telluris
627 3932 775 4004 actione
788 3929 935 4026 prodit,
974 3931 1081 4022 cujus
1101 3931 1317 4000 Maximum
1340 3938 1401 4020 14⁸
1417 3947 1608 4023 aequatur.

386 4056 445 4129 Ad
468 4081 529 4127 me
552 4056 658 4150 quod
680 4055 832 4126 attiners
867 4059 965 4124 Cum
986 4052 1120 4124 adhoc
1134 4053 1336 4149 negotium
1356 4052 1525 4122 animum
1538 4051 1734 4126 intendere
1755 4056 1883 4155 coepi,
1912 4065 1986 4158 pai.

287 4206 353 4256 mo
369 4180 580 4255 secuudum
597 4178 793 4275 vulgarem
808 4176 1032 4246 methodum
1049 4174 1161 4246 unice
1177 4174 1273 4246 locis
1288 4174 1567 4248 heliocentricis
1586 4199 1634 4246 ex
1651 4176 1985 4260 observationibus

288 4302 459 4378 deductis
487 4301 534 4371 ad
558 4299 776 4396 corrigenda
802 4299 985 4370 elementa
1008 4298 1066 4369 uti
1087 4298 1273 4370 volebam.
1327 4298 1532 4371 Enimvero
1548 4322 1635 4373 cum
1654 4299 1695 4370 iu
1715 4307 1987 4400 conquirendis

287 4422 511 4517 hujusmodi
536 4420 865 4494 observationibus
886 4421 1114 4509 invenirem,
1141 4421 1267 4516 priore
1280 4421 1444 4492 maxime
1459 4437 1579 4492 aetate
1595 4422 1879 4502 observationes
1896 4455 1988 4503 con·

287 4549 532 4645 juncdonum
556 4544 799 4641 superiorum
823 4562 861 4615 et
875 4542 1103 4617 inferiorum
1127 4542 1310 4640 periectas
1332 4562 1447 4639 atque
1467 4546 1678 4640 completas
1703 4570 1787 4621 non
1810 4551 1885 4622 nisi
1902 4577 1985 4625 raro

288 4672 329 4744 in
347 4670 472 4742 diariis
489 4664 753 4742 astronomicis
773 4667 948 4763 reperiri,
989 4667 1119 4740 relicta
1133 4668 1204 4737 hac
1224 4667 1407 4739 methodo
1433 4667 1545 4740 aliam
1559 4669 1687 4766 sequi,
1730 4673 1881 4745 consilii
1904 4699 1988 4749 esse

288 4794 431 4891 putavi.

387 4924 472 4998 Jam
496 4939 585 4987 cum
609 4915 708 4986 nihil
727 4913 822 4986 mihi
845 4914 969 5012 prius,
1006 4905 1104 4985 nihil
1121 4913 1314 5010 antiquius
1331 4931 1444 5001 esset,
1477 4936 1592 5012 quam
1607 4933 1652 4987 ut
1669 4915 1895 4994 variationes
1912 4923 1988 4995 ele·

288 5057 507 5114 mentorum
524 5041 729 5112 saeculares
748 5063 797 5110 ex
811 5037 1141 5113 observationibus
1159 5036 1374 5111 definirem:
1409 5040 1513 5127 illas,
1549 5042 1652 5112 unde
1680 5042 1862 5120 elementa
1883 5070 1985 5120 eram

290 5162 545 5250 derivatums,
573 5164 616 5234 in
633 5163 727 5234 duas
746 5162 862 5234 statui
876 5161 1101 5234 distribuere
1117 5163 1300 5257 epochas,
1333 5185 1472 5257 easque
1486 5180 1675 5259 qnantum
1690 5162 1773 5235 heri
1786 5166 1915 5261 potuit
1928 5167 1986 5239 in.

289 5302 347 5357 ter
362 5309 403 5360 se
423 5285 746 5378 disjunctissimas.
788 5291 939 5381 Septem
957 5303 995 5360 et
1006 5284 1248 5382 septuaginta
1263 5285 1417 5363 Veneria
1435 5285 1716 5361 observationes
1740 5312 1762 5361 a
1779 5291 1832 5364 01.
1848 5294 1990 5368 Euan·
2024 5275 2027 5280 ’
