4514 6300
1132 655 1154 708 2

292 809 444 879 hiemali
463 825 630 901 tempore
647 830 754 901 saepe
770 831 836 901 per
855 823 944 876 octo
962 804 1040 876 dies
1059 822 1096 876 et
1113 807 1230 892 ultra,
1265 806 1375 879 coelo
1399 805 1566 878 nubibus
1586 805 1762 892 obtecto,
1788 829 1916 901 neque
1937 810 1997 879 sol

292 954 416 1025 neque
433 930 562 1020 stellae
581 947 830 1025 compareant
883 935 938 1000 Ita
957 926 1038 999 fieri
1051 954 1133 999 non
1149 930 1297 1024 potuit,
1327 929 1420 1023 quin
1437 928 1769 1015 observationum,
1797 952 1891 1025 quas
1905 929 1995 1000 inde

292 1077 457 1124 amense
472 1053 594 1147 Aprili
614 1078 644 1120 a.
666 1075 758 1139 1303
776 1043 896 1148 usque
923 1053 969 1122 ad
987 1078 1019 1123 a.
1041 1074 1134 1145 ¹8⁰9
1152 1049 1407 1148 collegissem,
1443 1075 1589 1122 summa
1606 1053 1832 1146 reperiretur
1847 1050 1994 1147 perexi-

291 1200 376 1272 gua.
429 1183 515 1274 Quo
539 1177 634 1246 circa
662 1175 884 1262 consilimn,
920 1177 991 1247 1110
1018 1175 1096 1267 jam
1121 1193 1291 1268 tempore
1313 1173 1458 1268 publici
1475 1199 1536 1247 eas
1552 1175 1647 1265 juris
1663 1173 1804 1263 facere,
1836 1198 1993 1271 prorsus

290 1297 463 1395 deposui.

390 1424 514 1522 Magis
536 1421 687 1495 favebat
705 1421 957 1495 observatoris
976 1420 1187 1494 assiduitati
1203 1443 1353 1515 11309.
1382 1427 1504 1519 Quare
1523 1419 1808 1510 obseruationes
1824 1426 1847 1493 a'
1862 1443 1993 1492 mense

290 1546 448 1619 Octobri
469 1571 499 1616 a.
521 1567 614 1634 1303
638 1546 680 1615 in
704 1548 854 1641 specula
879 1544 1119 1643 Seebergensi
1147 1540 1354 1630 institutas,
1387 1544 1496 1616 brevi
1518 1561 1608 1638 post
1630 1543 1695 1615 has
1712 1546 1859 1616 tabulas
1875 1545 1991 1614 editas

290 1671 392 1763 typis
412 1670 621 1744 exscribere
638 1670 880 1764 propositum
899 1687 965 1740 est.
1018 1675 1088 1739 Per
1105 1692 1218 1762 quem
1234 1666 1415 1761 temporis
1435 1685 1595 1738 tractum
1611 1666 1796 1762 imprimis
1812 1668 1854 1736 in
1873 1667 1992 1737 deter-

288 1793 466 1864 minanda
498 1794 690 1864 radiorum
718 1791 814 1862 lucis
839 1789 1062 1864 refractione
1083 1790 1314 1861 horizontali
1341 1808 1378 1860 et
1402 1791 1596 1860 stellarum
1619 1789 1781 1862 fixarum
1808 1787 1993 1885 parallaxi

287 1938 414 1987 annua
430 1941 585 2012 operam
603 1913 751 1987 navari.
785 1916 846 1986 An
862 1915 969 1985 utilia
987 1914 1170 2010 quaedam
1187 1913 1358 2010 colligeri
1371 1912 1467 1990 mihi
1482 1914 1701 2011 contigerit,
1728 1937 1844 2008 penes
1858 1915 1991 1986 Astro·
2039 1925 2043 1933 '

284 2060 426 2111 nomes
441 2038 627 2129 judicium
646 2053 739 2110 esto.

387 2164 544 2234 Interim
560 2164 628 2233 hae
644 2162 793 2233 tabulae
807 2159 892 2233 loca
912 2159 1095 2256 quaedam
1110 2157 1265 2235 Veneris
1283 2184 1303 2231 a
1319 2183 1380 2231 me
1394 2158 1590 2231 observata
1608 2158 1859 2243 exhibebunt3
1897 2182 1990 2232 cum

285 2285 390 2357 enim
403 2307 538 2382 magna
553 2303 657 2380 parte
674 2311 722 2356 ex
739 2285 1068 2358 observationibus
1083 2285 1177 2354 meis
1193 2301 1431 2355 constructae
1449 2283 1546 2370 sint,
1572 2283 1799 2355 novissimas
1815 2283 1902 2355 illas
1916 2290 1988 2357 Ve-

282 2407 387 2479 neris
402 2407 464 2476 hic
480 2430 644 2501 appono.
698 2409 828 2479 Multo
843 2406 1028 2478 maturius
1051 2407 1121 2476 hae
1145 2406 1292 2476 tabulae
1314 2407 1567 2500 prodiissent,
1593 2406 1670 2477 nisi
1686 2404 1826 2500 partim
1838 2429 1870 2477 a.
1891 2425 1986 2493 1303

286 2547 451 2601 exeunte
472 2553 724 2626 magnaeano
755 2526 991 2600 calculorum
1011 2529 1151 2614 moles,
1194 2528 1241 2598 ad
1266 2529 1506 2622 operationes
1536 2554 1637 2602 meas
1659 2528 1985 2627 trigonometricas

282 2654 498 2751 pertinens,
538 2651 769 2723 absolvenda
794 2651 950 2739 fuisset,
995 2652 1132 2747 partim
1154 2651 1259 2751 illius
1284 2651 1427 2746 operis,
1470 2650 1575 2746 quod
1606 2653 1737 2724 Tables
1762 2651 1985 2724 barome'tri·

282 2804 371 2874 ques
387 2792 455 2847 etc.
475 2793 544 2847 etc.
569 2775 788 2847 inscribitur
813 2775 995 2871 perfectio
1021 2775 1214 2870 editioque
1239 2777 1367 2869 plures
1393 2799 1541 2846 menses
1559 2774 1819 2859 absumsisse,
1846 2773 1995 2869 partim

281 2900 501 2974 commercii
515 2885 727 2992 epistolaris
742 2899 929 2970 menstrui
956 2899 1218 2989 (Monatliche
1233 2900 1565 2992 correspondenz)
1590 2923 1679 2970 cura
1701 2898 1793 2969 inde
1819 2920 1985 2968 amensa

280 3022 856 3109 11111110.1307οΡ01111.1)0111.
882 3045 941 3091 nn
958 3025 1072 3092 Zacrr
1095 3021 1191 3090 mihi
1212 3021 1450 3107 demandata,
1487 3023 1590 3095 haud
1610 3023 1786 3119 exiguam
1809 3020 1881 3091 otii
1901 3043 1983 3115 par·

279 3165 358 3218 tem
375 3146 447 3218 sibi
468 3144 705 3217 vindicasset.

379 3274 439 3339 De
456 3268 720 3340 construendis
736 3268 848 3340 novis
868 3264 1023 3339 Veneris
1043 3266 1180 3338 tabulis
1196 3264 1359 3364 cogitare
1386 3262 1438 3338 cl.
1460 3271 1654 3340 11οΖ1011
1679 3266 1823 3364 primus
1846 3284 1982 3338 auctor

278 3392 373 3465 1111111
400 3388 493 3476 fuit,
530 3391 655 3485 quiet
678 3393 865 3484 permulta
888 3388 1002 3477 hujus
1027 3387 1167 3459 laboris
1188 3388 1404 3479 adjumenta
1424 3389 1697 3463 benevolenter
1712 3415 1860 3462 mecum
1876 3415 1981 3462 00111·

278 3513 497 3586 municavit.
549 3511 665 3583 Initio
681 3513 721 3581 id
737 3511 847 3581 unice
865 3511 1038 3605 agebam,
1068 3528 1111 3580 ut
1127 3535 1199 3604 ope
1215 3511 1468 3608 indagationis
1485 3531 1636 3586 exactae
1650 3514 1982 3610 perturbationum

277 3637 433 3711 Veneris
451 3658 517 3727 per
532 3648 687 3716 terram,
722 3630 870 3702 telluris
893 3657 1054 3705 massam
1076 3651 1114 3703 et
1134 3633 1223 3704 inde
1247 3634 1340 3706 solis
1366 3637 1574 3728 parallaxin
1597 3636 1824 3723 accuratius,
1863 3661 1979 3731 quam

276 3759 399 3828 adhuc
416 3754 559 3826 factum
575 3771 692 3842 esset,
721 3754 1018 3827 determinatam.
1070 3757 1266 3828 Existentc
1291 3758 1431 3828 etenim
1457 3757 1551 3832 serie
1572 3760 1795 3832 selectarum
1821 3760 1979 3832 Veneris

277 3878 611 3965 observationum,
642 3905 737 3975 quae
760 3904 832 3975 pro
858 3878 1014 3953 diversis
1041 3881 1193 3976 epochis
1209 3881 1378 3952 Maxima
1395 3879 1725 3975 perturbationum
1743 3905 1764 3951 a
1780 3898 1875 3952 terra
1889 3907 1979 3978 sup·

276 4000 466 4100 peditent,
499 4005 822 4074 Astronomorum
842 4028 958 4075 nemo
981 4023 1079 4076 certe
1101 4001 1241 4076 infitias
1265 4005 1353 4091 ibit,
1388 4006 1484 4075 hanc
1511 4005 1754 4091 methodum,
1786 4003 1900 4095 jame
1921 4007 1976 4076 cl.

159 4202 161 4211 ,
277 4153 328 4201 nt
358 4133 496 4229 Pntcn
522 4128 841 4214 commendatam,
871 4125 1047 4218 (Me'can.
1077 4129 1143 4200 ceL
1171 4134 1280 4200 Tom.
1299 4135 1365 4200 111.
1387 4153 1470 4225 pag.
1490 4133 1555 4223 63)
1581 4128 1629 4199 ad
1654 4126 1977 4201 detemrinandam

275 4249 422 4321 telluris
445 4272 624 4336 massam,
669 4275 846 4321 necnon
870 4251 962 4322 solis
989 4251 1197 4345 parallaxin
1223 4252 1546 4338 constituendam,
1589 4276 1773 4347 perquam
1797 4250 1977 4325 idoneam

275 4397 365 4444 esse.
427 4374 699 4467 Unusquisque
725 4392 852 4444 autem
880 4373 1145 4445 Astronomiae
1171 4398 1253 4445 non
1281 4375 1478 4469 imperitus
1508 4375 1755 4474 intelligebit,
1795 4376 1869 4447 1100
1892 4374 1977 4448 fieri
2031 4376 2036 4385 ’

273 4520 356 4570 non
377 4519 508 4591 posse,
540 4497 617 4568 nisi
638 4515 744 4569 antea
764 4521 866 4570 nova
890 4498 1044 4570 Veneris
1070 4501 1266 4570 Elementa
1279 4498 1434 4570 inventa
1455 4497 1618 4585 fuerint,
1654 4523 1777 4594 quum
1794 4500 1901 4594 prius
1917 4525 1975 4571 re·

272 4638 378 4716 perta
404 4619 456 4693 ob
481 4620 669 4718 neglectas
692 4621 993 4717 perturbationes
1015 4622 1225 4694 necessario
1249 4645 1406 4693 erronea
1429 4645 1509 4693 esse
1527 4621 1697 4693 debeant
1752 4630 1857 4722 Quae
1870 4648 1975 4701 nova

274 4747 457 4815 elementa
474 4769 549 4839 qua
567 4744 712 4817 ratione
731 4745 1015 4841 exquisiverim,
1043 4762 1174 4841 postea
1188 4744 1470 4816 demonstrabo.
1522 4751 1664 4818 Verum
1677 4770 1763 4841 spes
1779 4772 1840 4819 me
1864 4745 1974 4820 fefel-

272 4866 339 4953 lit,
366 4866 450 4938 fore
468 4868 585 4939 uthis
603 4867 931 4963 disquisitionibus
950 4887 1089 4941 certam
1108 4868 1254 4940 telluris
1271 4891 1413 4940 massae
1430 4885 1468 4938 et
1480 4870 1718 4963 parallaxeos
1740 4871 1873 4942 solaris
1890 4896 1973 4943 cor·

271 4990 479 5063 rectionem
495 5011 750 5087 superstruere
765 4991 912 5080 liceret,
947 4992 1129 5087 quoniam
1151 4991 1461 5064 observationum
1485 4991 1658 5065 adhunc
1685 4991 1801 5064 finem
1816 4993 1973 5065 idonea·

272 5136 358 5183 rum
373 5139 554 5187 numerus
566 5117 656 5191 satis
670 5141 829 5214 magnus
845 5138 927 5188 non
941 5116 982 5186 in
1001 5135 1156 5211 promtu
1174 5133 1261 5187 erat.
1303 5119 1532 5211 Frequenter
1548 5117 1650 5187 enim
1669 5116 1824 5192 Veneris
1841 5115 1970 5189 obser-

272 5234 443 5311 vationes
461 5239 573 5318 unice
588 5238 907 5333 coniunctiorem
930 5256 1099 5336 tempore
1119 5239 1202 5314 fieri
1216 5241 1363 5328 10101111
1398 5263 1534 5317 verum
1556 5241 1659 5316 0111111
1675 5240 1852 5316 10101110
1865 5241 1970 5337 ipsae
