4806 6470
1360 601 1411 678 26

543 755 785 844 abdrrationis
808 769 1056 864 quantitatem
1078 770 1240 866 praebet.
1309 765 1552 844 constructio
1578 769 1726 844 tabulae
1753 767 1810 842 his
1833 765 2008 842 formulis
2031 766 2226 853 innitimur

543 893 608 966 Sit·
623 897 666 966 li.
719 893 906 967 Distantia
923 894 1095 988 planatae
1110 915 1130 966 a
1147 894 1247 978 sole,
1274 897 1305 964 t:
1332 894 1534 992 Elongatio

940 1062 1420 1234 ..gusinllzsim

841 1412 1023 1484 aberratio
1047 1437 1095 1481 ε·-
1121 1415 1257 1500 ro,‘'26
1289 1415 1394 1504 (cos
1408 1416 1451 1485 E.
1477 1419 1527 1511 -Ι-
1552 1357 1636 1578 ἦ
1661 1462 1670 1481 .
1697 1434 1773 1484 cos.
1795 1409 1841 1506 z)
1887 1450 1892 1458 ·

465 1676 474 1692 ·
542 1631 644 1700 Haeo
667 1623 831 1699 formula
856 1651 938 1698 non
962 1625 1037 1698 nisi
1061 1628 1102 1698 in
1124 1624 1200 1698 illis
1228 1624 1401 1712 casibus,
1436 1624 1503 1696 ubi
1529 1632 1613 1711 E<
1629 1631 1693 1716 45⁰
1716 1624 2008 1720 applicationem
2032 1624 2224 1722 permittit.
2268 1667 2274 1674 ·

542 1751 794 1848 Elongatione
809 1775 920 1845 supra
938 1757 1004 1840 45⁰
1019 1751 1267 1835 increscente,
1295 1773 1455 1844 sequens
1473 1747 1664 1844 expressio
1680 1748 1722 1818 in
1746 1771 1858 1820 usum
1872 1750 2115 1851 vocandatest

928 1966 955 2004 n
1007 1951 1009 1956 .
1291 1901 1367 1974 rr
1597 1901 1639 1964 r²
1728 1961 1736 1978 ,
1877 1903 1903 1996 ξ

866 1986 925 2049 no,
957 1967 1002 2034 26
1030 1964 1182 2056 (coss
1207 1965 1257 2057 -Ι-
1289 1998 1366 2100 ᾗ
1392 2012 1400 2032 .
1429 1965 1479 2054 (1
1510 1997 1641 2092 -ῇῑ
1668 2015 1678 2033 .
1708 1969 1791 2034 stn²
1818 1967 1876 2058 E)

542 2165 813 2249 correctiones,
842 2190 932 2261 quas
952 2163 1095 2240 orbitae
1113 2164 1370 2239 excentricitas
1387 2185 1425 2237 et
1438 2167 1592 2240 Veneris
1607 2165 1769 2239 latitudo
1792 2163 1834 2234 in
1859 2160 2143 2257 computatione
2167 2157 2228 2234 ab·

541 2287 736 2362 errationis
755 2292 925 2382 postulat
940 2290 1188 2388 negligimus,
1217 2315 1303 2362 cum
1320 2289 1434 2360 nimis
1461 2292 1616 2389 exiguae
1643 2289 1729 2362 sint.
1783 2284 2028 2382 ceteroquin,
2065 2286 2228 2358 hicnon

540 2411 617 2484 nisi
630 2412 675 2480 de
691 2409 923 2482 aberratione
938 2413 979 2484 in
993 2413 1233 2511 longitudine
1252 2434 1466 2483 sermonem
1483 2412 1600 2485 fuisse
1615 2436 1681 2507 per
1697 2435 1737 2482 se
1765 2425 1886 2504 patet,
1923 2433 2011 2479 curn
2028 2410 2094 2480 illa
2117 2410 2159 2480 in
2176 2411 2227 2480 la·
2266 2433 2272 2440 ·

540 2534 704 2606 titudine
728 2533 882 2607 Veneris
901 2533 1015 2606 nimis
1039 2534 1174 2632 exigua
1194 2534 1261 2619 sit,
1297 2559 1409 2630 quam
1433 2553 1478 2606 ut
1500 2559 1636 2631 operae
1661 2533 1826 2628 pretium
1851 2548 1968 2618 esset,
1997 2549 2035 2603 et
2052 2533 2158 2604 illam
2172 2556 2228 2602 re·

540 2656 693 2753 spicere.
1021 2739 1025 2746 ,

640 2777 781 2849 Ultima
799 2775 927 2847 tabula
945 2772 991 2846 ad
1005 2767 1271 2850 inueniendam
1285 2777 1491 2873 parallaxin
1513 2777 1790 2852 horizontalcm
1817 2796 1854 2852 et
1880 2774 1994 2852 semi·
2005 2773 2228 2848 diametrum

540 2897 698 2978 Veneris
715 2897 882 2971 inservit.
894 2888 899 2898 ’
912 2906 1006 2972 Cum
1023 2918 1245 2998 argtunento
1270 2905 1572 2974 '’Corrtrnutatio”
1598 2901 1699 2973 facili
1716 2901 1872 3000 negotio
1890 2905 1981 2973 haec
1997 2899 2225 2995 quantitates

539 3024 628 3096 inde
644 3024 902 3094 desumuntur.
955 3027 1076 3094 Usum
1091 3019 1304 3092 tabularum
1332 3021 1522 3118 completo
1546 3025 1710 3095 duonrm
1731 3029 1905 3096 locorum
1929 3027 2081 3098 Veneris
2106 3007 2227 3095 helio-

542 3145 793 3218 centricorum
811 3145 956 3214 calculo
973 3143 1264 3230 illustravimus,
1291 3143 1343 3214 ita
1365 3163 1409 3215 ut
1431 3165 1469 3217 et
1490 3149 1615 3220 minus
1644 3146 1852 3219 exercitatis
1868 3149 1975 3218 nulla
1995 3152 2104 3246 plane
2131 3143 2228 3218 diffi-

542 3261 661 3340 cultas
692 3267 734 3336 in
763 3265 840 3338 illis
864 3256 1081 3337 adhibendis
1115 3289 1309 3337 occurrere
1342 3269 1473 3362 possit.
1552 3272 1695 3342 Dabam
1729 3267 1769 3338 in
1800 3269 1951 3364 specula
1975 3272 2228 3368 astronomica

540 3377 815 3476 Eanus'trtta',
843 3388 994 3484 quaein
1010 3391 1146 3460 Monte
1161 3389 1318 3486 Seeberg
1335 3408 1408 3476 est,
1428 3393 1519 3487 ipsis
1545 3393 1716 3466 Calendis
1736 3393 1884 3465 Martiis
1910 3417 1931 3462 a
1956 3385 2175 3470 MDcccx.
